2023 2656
192 150 260 195 396
310 145 472 183 Libys.
482 140 595 180 XXI.
754 139 920 176 VERSIO
946 139 1058 177 ANT.
1086 140 1206 176 LIBRI
1232 141 1401 178 PRoth
1575 138 1918 174 V0¹·V¹!Y-P·4v³{'÷o⁶

196 252 228 279 et
255 244 292 276 iis
319 251 404 289 qnae
429 241 464 273 iu
491 238 600 273 nobis.
645 235 690 271 Et
715 233 802 283 apud
829 232 994 270 studiosos
1017 231 1153 282 quidem
1180 234 1326 270 multum
1351 232 1394 273 ινδ
1418 236 1455 270 in
1481 234 1597 270 nobis,-
1645 236 1801 271 omuibus
1827 238 1917 270 euim

196 303 351 332 munitur„
404 292 500 325 etiarn
524 291 564 324 iis
590 300 673 337 quae
699 300 769 322 non
795 289 831 321 in
857 287 955 321 nobis
980 284 1166 321 mensurare
1193 294 1330 333 propter
1356 287 1522 329 virtute-ni,
1571 296 1604 322 et
1631 289 1670 321 iis
1698 295 1836 327 mentes,
1887 295 1922 322 et

196 344 286 380 velut
316 346 349 377 in
376 340 483 391 seipsis
510 338 662 376 facientes
689 336 817 387 semper
845 335 937 386 quod
963 334 1109 379 praesens
1143 346 1309 373 ornantes,
1371 335 1472 386 Apud
1504 336 1630 373 multos
1657 338 1696 382 η)
1736 347 1847 373 autem
1879 333 1924 376 τὶ

197 409 269 433 non
296 397 332 429 in
355 394 453 429 nobis
479 391 573 441 plus3
625 386 815 440 affequntur
836 391 926 423 enim
945 389 982 422 iis
1009 401 1092 437 quae
1117 399 1229 430 extra,
1278 401 1349 423 non
1375 390 1529 424 habentes
1550 391 1637 423 intus
1670 392 1772 424 vitam
1805 398 1924 437 poten-

198 459 266 483 tem
293 445 369 494 ipsis
395 442 569 480 assimilare
591 441 665 478 illa.
715 439 813 476 Vnde
838 450 870 475 et
896 441 919 473 ii
947 438 1082 488 quidem
1110 439 1206 476 liberi
1231 437 1385 476 dicuntur
1411 438 1476 476 effe
1501 449 1534 474 et
1567 439 1641 476 {unt
1673 450 1811 490 propter
1841 451 1923 488 ope.

197 501 363 536 tationem
389 499 456 531 eius
484 491 576 543 quod
602 496 636 527 in
661 491 755 540 ipsis,
809 501 841 526 et
865 493 935 525 eius
956 490 1050 539 qnod
1074 503 1146 526 non
1172 495 1205 525 in
1234 491 1319 539 ipfis.
1369 495 1409 527 In
1432 491 1582 527 seruilem
1607 499 1719 526 amem
1751 491 1805 526 alii
1831 493 1925 525 voci.

199 547 348 585 ferantur
373 545 612 584 necessitatem,
667 541 927 592 consepelientes
951 556 1029 580 cum
1049 545 1091 578 iis
1117 555 1204 592 quae
1230 555 1302 581 non
1327 543 1404 593 ipfis
1437 542 1531 594 quod
1562 546 1599 579 in
1631 540 1733 593 ipfis,
1783 550 1817 577 et
1850 553 1926 578 om.

199 604 259 638 nia
281 600 435 637 habentes
459 599 589 634 nonin
612 593 704 645 ipfis.

365 704 404 739 L.
458 701 564 750 Super
589 699 704 735 omnia
731 696 957 747 colophonem
984 694 1163 732 dubiorum
1187 697 1283 732 nobis
1309 693 1494 745 apposuisti.
1545 698 1756 746 Interrogans
1781 698 1873 732 enim
1897 691 1925 730 fi

200 757 297 793 nouit
327 756 417 791 Deus
450 750 602 788 futurum
636 746 724 799 apud
757 761 837 791 nos,
891 747 960 784 fiue
999 761 1070 785 non
1109 751 1227 784 nouit?
1278 751 1318 783 Et
1357 746 1520 796 siquidem
1563 761 1634 783 non
1671 750 1788 788 nouit,
1840 745 1925 782 nihil

199 805 307 856 ipsum
334 820 352 840 a
377 805 476 840 nobis
501 800 633 838 differre
660 800 765 841 dines,
819 812 891 835 non
918 798 1089 835 scientibus
1115 813 1223 847 neque
1246 798 1331 847 ipfis.
1385 801 1417 833 Si
1453 808 1563 834 autem
1594 802 1709 840 nouit,
1761 796 1837 834 fore
1869 809 1926 845 pe-

202 861 288 894 nitus
317 858 386 893 hoc
410 853 503 904 quod
531 857 645 893 nouit,
699 861 730 887 et
757 864 798 887 ex
823 848 1020 886 necessitate.
1078 852 1158 885 Hoc
1191 860 1299 885 autem
1335 862 1404 884 non
1439 848 1482 887 τὸ
1515 851 1550 884 in
1585 850 1679 884 nobis
1712 851 1845 897 perimit
1875 846 1926 882 so·

201 909 294 949 lum,
345 916 380 942 vt
405 909 516 953 vtique
541 903 721 944 videbitur,
775 900 830 937 sed
857 911 889 936 et
915 913 1018 941 omne
1043 900 1135 948 quod
1163 899 1283 935 dicitur
1309 904 1523 949 contingens,
1577 909 1609 935 et
1635 899 1806 935 consueuit
1829 901 1928 933 etiam

201 961 270 994 hoc
295 954 495 1006 ponentibus
521 968 592 990 non
617 955 730 988 omnia
757 953 871 987 coac‘ta
902 949 983 992 effe,
1036 960 1068 985 et
1097 950 1161 991 est,
1215 961 1250 985 vt
1283 952 1326 986 est
1362 950 1490 991 dicere7
1540 951 1660 986 millies
1694 950 1842 991 dictum,
1897 958 1929 983 et

204 1010 406 1056 complicant
433 1005 568 1056 quidem
597 1004 815 1040 coniunctum
842 1015 958 1037 omnes
984 1003 1038 1037 ita.
1091 1003 1125 1035 Si
1152 1005 1249 1036 nouit
1274 1004 1364 1037 Deus
1392 1014 1496 1036 omne
1526 999 1696 1043 futurum,
1747 1014 1789 1036 ex
1823 997 1930 1036 neces-

202 1060 294 1096 fitate
321 1063 381 1095 erit
407 1056 500 1107 quod
527 1054 690 1092 futurum.
743 1053 806 1090 Sed
831 1056 856 1089 ii
882 1051 1017 1102 quidem
1044 1049 1162 1088 falsum
1189 1051 1256 1087 effe
1283 1056 1397 1093 aiunt,
1446 1055 1556 1088 Deum
1592 1052 1805 1088 determinate
1836 1048 1931 1089 noffe

203 1125 328 1152 omne,
381 1108 436 1145 sed
473 1111 569 1143 aiunt
602 1109 700 1142 etiarn
735 1103 842 1154 ipsum
880 1103 1129 1140 indeterminati
1160 1107 1196 1138 in
1228 1104 1387 1139 fientibus·
1415 1102 1684 1143 indeterminate,
1737 1113 1772 1138 vt
1804 1100 1930 1138 saluent

204 1166 415 1211 contingens.
469 1160 537 1196 Alii
565 1167 673 1194 autem
706 1156 957 1192 determinatam
989 1157 1222 1202 cognitionem
1250 1155 1461 1189 attribuentes
1493 1157 1593 1196 Deo,
1641 1153 1842 1190 admiserunt
1874 1165 1931 1187 ne-

203 1212 382 1250 ceffitatem
414 1215 452 1246 itr
484 1209 638 1245 omnibus
673 1221 758 1256 quae
784 1207 879 1242 fiunt.
945 1207 1237 1252 Peripateticorum
1269 1216 1301 1240 et
1323 1206 1517 1240 Stoicorum
1541 1205 1723 1240 haereiium
1749 1204 1823 1241 sunt
1850 1206 1931 1240 haec

204 1264 375 1313 dogmata.
426 1260 524 1306 Plato*
545 1270 659 1295 autem
681 1268 717 1294 et‘
739 1261 930 1306 quicunque
956 1257 1036 1291 huic
1060 1259 1204 1297 amicus,
1236 1266 1270 1291 et
1301 1258 1413 1292 Deum
1445 1254 1660 1292 determinate
1693 1255 1771 1292 scire
1806 1253 1933 1297 futura,

204 1325 236 1350 et
263 1314 334 1350 fieri
360 1322 476 1349 contra
509 1309 691 1348 secundum·
723 1308 871 1358 ipsorum
902 1315 1053 1342 naturam
1085 1306 1250 1342 affirmant
1283 1308 1365 1342 haec
1398 1305 1535 1355 quidem
1568 1306 1801 1348 determinate,
1850 1308 1933 1342 haec

204 1376 317 1401 autern
341 1362 605 1400 indeterminate..
654 1361 784 1394 Eorum
809 1361 898 1394 enim
924 1370 1008 1405 quae
1039 1359 1076 1391 in
1107 1354 1231 1392 effectis
1265 1356 1326 1405 Ur]
1361 1356 1493 1393 diuisxm
1524 1368 1560 1393 et
1591 1357 1814 1395 subcontrarie
1845 1359 1935 1395 inui-

204 1430 282 1453 cem.
303 1414 403 1458 sunt‚.
450 1419 490 1450 in
510 1414 583 1450 Diis
608 1408 791 1448 secundum
815 1408 938 1445 melius
955 1406 1069 1444 solum
1091 1408 1137 1443 est
1157 1411 1391 1457 praeacceptia

370 1519 426 1554 LI.
476 1518 566 1554 Dico
591 1524 722 1556 autem,
772 1523 850 1563 puta
874 1513 1068 1562 genitorum
1091 1519 1147 1547 aut
1170 1512 1453 1559 incorporeorum
1482 1513 1612 1547 entium
1644 1521 1701 1547 aut
1735 1524 1933 1561 corporum,

204 1569 460 1620 incorporaliter
485 1567 559 1604 sunt
584 1567 762 1601 amborum
782 1563 896 1601 causae
921 1561 1009 1611 apud
1034 1562 1133 1604 illos,
1185 1571 1215 1597 et
1249 1564 1399 1611 cognitio
1427 1560 1547 1597 eodem
1581 1563 1686 1599 modo
1720 1567 1935 1612 incorporea,

205 1623 249 1659 Et
281 1625 399 1656 itemm
431 1617 702 1654 intellectualium
734 1625 766 1651 et
797 1629 868 1652 non
900 1613 1176 1650 intellectualium
1206 1616 1352 1655 entium,
1406 1614 1669 1651 intellectualiter
1706 1615 1811 1651 ambo
1840 1613 1930 1663 apud

205 1675 298 1710 Deos
324 1681 357 1706 et
381 1668 563 1706 secundum·
585 1667 849 1703 existentiamset
872 1663 1054 1701 secundum
1078 1664 1260 1700 scientiam&
1309 1663 1528 1713 Cognoscunt
1554 1668 1644 1701 enim
1678 1664 1710 1702 et
1743 1679 1826 1715 quae
1858 1678 1933 1701 non

205 1722 463 1763 intellectualia,
510 1719 793 1758 intellectualiten
846 1719 890 1754 Et
919 1715 1047 1754 rursum
1080 1729 1200 1751 eorum
1233 1716 1316 1764 qu'ae
1349 1716 1435 1751 fiunt
1465 1715 1545 1751 inde
1576 1717 1847 1766 intemporalium
1874 1725 1931 1753 aut

206 1774 462 1822 temporalium,
515 1769 743 1818 intemporalis
769 1769 877 1806 locata
904 1767 949 1803 est
975 1765 1065 1816 apud
1097 1766 1183 1816 ipsos
1216 1766 1374 1816 causaque
1410 1777 1442 1802 et
1474 1770 1636 1817 cognitio.
1701 1770 1812 1818 Qare
1845 1768 1944 1817 quo-⁷

206 1829 296 1862 niam
322 1834 354 1859 et
380 1822 592 1859 determinata
616 1830 649 1855 et
670 1820 922 1856 indeterminata
947 1818 1109 1867 quaedam
1141 1819 1246 1859 fiunt,
1284 1816 1464 1854 secundum
1493 1819 1611 1855 melius
1642 1820 1836 1862 amborum,
1875 1818 1934 1854 de·

205 1878 415 1911 terminatam
446 1873 522 1909 dico
550 1872 940 1920 cognitionem-*horum
973 1869 1148 1905 amborum
1181 1880 1466 1918 praeacceperunt.
1526 1869 1652 1907 Adhuc
1679 1879 1807 1913 autem,
1859 1882 1931 1906 non

207 1926 303 1976 quale
337 1924 382 1960 est
414 1922 665 1974 cognoscibile,x
693 1921 764 1958 talis
779 1932 828 1958 .etv
848 1923 1050 1970 cognitionis
1090 1919 1234 1969 species,
1285 1919 1340 1956 sed
1371 1922 1475 1970 quale’
1507 1921 1722 1971 cognoscens.
1788 1923 1934 1962 Merito,-

208 1990 317 2025 neque
343 1978 432 2011 enim
460 1975 608 2022 cognitio
634 1977 671 2009 in
697 1971 914 2022 cognoscibili
941 1971 1005 2013 est,
1058 1970 1112 2007 sed
1136 1974 1176 2007 in
1201 1970 1440 2021 cognoscente.¹
1499 1975 1594 2010 Huic
1617 1976 1720 2021 igitur
1751 1972 1866 2010 similis
1898 1982 1932 2008 et

209 2024 395 2064 conformis
421 2026 466 2062 est
492 2029 529 2061 in
553 2037 620 2074 quo
648 2023 709 2066 est,
762 2038 834 2061 non
856 2024 906 2060 illi
930 2027 965 2059 in
993 2036 1061 2072 quo
1088 2036 1161 2059 non
1183 2023 1242 2059 essf
1290 2025 1323 2059 Si
1351 2026 1453 2073 igitur
1479 2035 1513 2060 et
1536 2024 1758 2075 cognoscibile
1789 2025 1931 2060 indeter-

208 2082 370 2116 minatum
380 2104 397 2120 ,κ
443 2076 502 2115 sed
526 2074 665 2128 quando
687 2075 947 2117 determinatum
967 2075 1013 2112 est
1038 2073 1137 2126 quod
1164 2071 1361 2125 cognoscit?
1406 2088 1481 2112 non
1508 2086 1648 2127 propter
1678 2080 1857 2127 cognitum
1882 2078 1935 2111 in-

1826 2127 1937 2167 detet*

254 2314 301 2356 a)
318 2309 368 2344 '13
393 2309 514 2351 κολὶε,
537 2318 629 2344 vocat
647 2310 771 2352 vulgus‘,
800 2311 909 2356 quibus
931 2310 954 2341 οἱ
975 2306 1103 2350 erasque
1123 2316 1335 2352 opponunturr
