2023 2656
505 122 601 159 N1L1
626 121 830 159 EPARCHI
856 123 982 159 CPOL.
1011 123 1205 160 SCRIPTA
1231 142 1234 144 ·
1398 124 1470 160 Lib.
1485 123 1567 161 V-c.
1580 124 1744 161 XXVII.
1794 134 1819 180 5⁴

73 212 253 265 epistolas,⁸
285 214 580 264 partimhistoriae
598 213 708 252 forma
729 214 911 265 conscripta
929 215 980 252 vel
1002 219 1120 252 rectius
1141 220 1410 254 commentarios.
1469 220 1618 254 schottus
1633 216 1672 257 ad
1694 217 1809 252 locum

69 270 178 304 Photii
199 271 233 303 in
249 271 401 317 margine
416 280 490 316 pag.
506 278 575 311 523.
594 267 736 303 recenset
753 281 793 303 ex
809 269 981 304 Turriano
996 267 1057 302 alia
1071 268 1140 303 Nili
1157 267 1334 316 opuscula,
1367 282 1451 318 quae
1474 270 1628 305 dicuntur
1651 272 1684 304 in
1700 269 1808 310 Isana,

68 318 220 356 biblioth.
240 321 336 354 Paris.
353 328 386 354 et
403 318 590 367 Augustana
607 317 738 355 exstare.
791 320 910 356 Nihilo
929 329 1038 354 tamen
1054 322 1164 354 minus
1183 319 1330 360 dubitat,
1358 334 1399 355 an
1423 323 1515 356 vnius
1526 322 1599 356 Nih·
1617 320 1677 356 {int
1693 321 1807 354 omnia

5 413 13 419 ἱ
66 380 98 405 et
112 370 252 406 Allatius
274 372 377 418 carpit
400 368 583 420 quosdam,
609 373 665 420 qui
690 368 847 419 opuscula
875 371 945 407 Nili
976 370 1164 418 theologica
1188 384 1266 407 cum
1292 372 1450 419 capitibus
1472 372 1638 408 Diadochi
1662 368 1805 407 confun-

34 448 39 449 γ
64 419 143 457 dant
154 417 198 467 f).
250 420 338 457 Add.
355 419 441 457 infra
459 430 555 469 caput
570 422 612 456 de
627 423 745 457 Photio
760 424 793 457 in
809 421 876 458 vol.
893 423 949 458 IX.
967 431 1030 458 vet.
1054 421 1107 457 ed.
1124 436 1199 472 pag.
1214 424 1291 466 446,
1309 422 1348 458 de
1363 422 1439 459 cod.
1455 425 1543 458 CC!-

229 487 324 525 Idem
340 489 480 524 Photius
495 491 529 523 in
546 487 600 523 sua
618 488 840 531 Bibliotheca,
865 487 940 525 cod.
959 491 1167 525 CCLXXVI.
1186 502 1261 538 pag.
1281 500 1368 534 1527.
1385 488 1452 540 sqq,
1470 488 1521 525 ed.
1537 490 1663 525 Schotti
1677 503 1717 525 ex
1733 488 1801 525 Nili

63 540 267 576 orationibus
288 542 321 575 in
331 540 451 587 pafiha
466 542 574 588 prima
591 548 622 575 et
636 539 796 581 secunda,
825 550 921 588 atque
934 544 969 575 in
986 541 1208 590 offensionem
1226 544 1346 576 domini
1368 544 1492 589 prima,
1518 540 1660 577 secunda
1685 551 1714 576 et
1740 551 1801 576 ter-

62 593 105 627 tia
119 591 278 640 longiora
294 590 434 626 seruauit
448 601 610 639 excerpta.
664 593 715 626 Ex
730 590 873 627 secundo
893 591 1044 628 serrnone
1058 595 1090 628 in
1109 591 1225 628 Pascha
1240 602 1434 640 excerptum
1451 592 1552 629 exstat
1566 594 1751 629 Florentiae
1765 596 1800 628 in

62 642 138 679 cod.
154 645 305 679 Laurent.
323 645 397 678 VII.
413 656 463 682 nr,
478 653 525 686 25.
539 655 568 677 v.
582 643 727 678 Bandini
741 653 801 679 cat.
816 641 916 679 codd.
931 657 983 692 gr.
1001 642 1093 680 Med.
1110 645 1205 679 Laur.
1223 646 1264 679 ΙΙ.
1283 644 1348 683 col,
1364 646 1436 689 665.

197 721 201 725 ’
228 710 312 753 Nili,
327 709 454 757 afletan,
471 722 571 757 opera
587 712 699 744 omnia
716 709 871 746 nondum
885 714 918 746 in
937 708 1065 746 iustum‘
1078 710 1239 747 volumen
1257 709 1329 747 sunt
1354 709 1493 747 redatsta.
1546 713 1668 747 Petras
1690 712 1798 747 Fran·

60 761 157 810 cistas
172 764 295 802 Zmin,
318 760 537 804 Veronensis,
565 761 693 809 aliquot
711 760 867 810 opuscula
884 762 951 798 Nili
966 764 1000 797 in
1014 762 1154 798 latinum
1171 760 1359 798 sermonem
1384 762 1543 799 transtulit
1565 775 1596 798 et
1618 763 1797 812 publicauit

60 817 178 850 Vener.
199 824 280 858 1557.
298 819 329 853 8.
382 814 475 858 Quae
493 815 527 848 in
543 812 603 848 isso
622 823 716 848 tomo
730 817 954 855 continentur,
973 813 1131 850 recensuit
1147 814 1293 849 Allatius
1306 814 1328 851 l.
1346 829 1372 850 c.
1388 827 1462 864 pag.
1480 821 1526 854 18.
1545 812 1588 863 sq.
1604 816 1656 849 vbi
1673 816 1797 850 Fabric.

60 868 96 902 in
108 874 189 901 nota
202 877 242 899 m.
258 864 356 900 aliam
373 862 568 900 eorumdem
576 865 649 900 Nili
665 863 914 912 opusculorum,
932 880 949 900 a
966 866 1052 901 Zino
1068 865 1313 910 translatomm‚
1330 865 1532 907 editionem,
1560 879 1636 902 cuin
1651 868 1795 913 Ephrae-

60 918 120 958 mi,
148 917 258 951 Marci
272 926 304 951 et
319 915 436 962 Esaiae
453 913 578 964 scriptis
594 915 754 958 asceticis,
783 920 900 952 Venet.
913 931 964 966 ap.
982 917 1212 966 Bologninuin
1232 916 1431 959 Zalterium,
1461 928 1550 962 1574.
1574 923 1606 957 8.
1619 926 1794 953 memorat.

59 966 184 1005 Eadem
200 966 276 1005 edit,
296 980 435 1015 operum
452 965 675 1015 quorumdam
689 981 748 1016 per
756 969 1108 1004 Petr.Fram.Z1·mmz
1123 972 1156 1005 in
1171 979 1230 1007 car.
1248 969 1325 1006 bibl.
1335 967 1500 1005 Leidensis
1519 983 1553 1018 p.
1568 981 1618 1013 39.
1629 971 1795 1011 occurrit3

59 1017 114 1056 sed
130 1017 247 1054 additis
265 1019 371 1054 verbis
383 1031 495 1065 graece
510 1029 542 1054 et
560 1019 675 1054 latine:
702 1033 858 1068 graecum
874 1030 983 1055 tamen
997 1030 1124 1055 textum
1139 1019 1272 1069 reliquis
1289 1030 1415 1056 tanturn
1426 1047 1436 1061 ,
1463 1031 1591 1068 praeter
1608 1019 1723 1055 Nilum
1740 1017 1795 1054 ad·

60 1069 169 1106 ditum
186 1068 269 1111 effe,
297 1069 438 1104 efficitur
458 1083 498 1105 ex
523 1073 845 1107 commemoratione
868 1071 1015 1107 eiusdem
1036 1071 1112 1108 edit.
1136 1085 1166 1121 p.
1183 1082 1232 1117 59.
1262 1072 1354 1108 catal.
1408 1071 1494 1109 Vide
1516 1075 1615 1107 etiam
1637 1071 1792 1108 Biblioth.

57 1127 191 1171 patrum
206 1123 388 1170 Margarini
405 1123 557 1169 Bignaei,
584 1124 680 1160 Paris.
700 1132 783 1166 1575.
800 1131 880 1158 tom.
900 1124 982 1162 111.,
1009 1122 1266 1171 Lugdunensem
1282 1134 1363 1159 tom.
1378 1126 1453 1160 Vll.
1468 1133 1529 1158 etc.
1554 1142 1603 1150 --
1655 1118 1794 1170 snsuper

58 1173 206 1209 Allatius
220 1173 341 1209 indicat
353 1173 425 1208 Nili
444 1171 620 1221 opuscula,
647 1176 779 1222 quaein
804 1173 887 1212 Bibl.
901 1184 986 1222 patr.
1004 1184 1154 1210 veterum
1170 1174 1294 1210 Colon.
1319 1186 1402 1213 tom,
1420 1177 1462 1210 V.
1479 1174 1606 1210 Colon.
1630 1175 1719 1213 1618.
1741 1185 1790 1209 re-

52 1235 237 1274 periuntur,

100 1332 103 1333 ⁷
220 1289 337 1327 Postea
353 1292 387 1325 in
400 1289 511 1326 lucem
534 1289 661 1339 prolata
683 1288 772 1326 sunt:
798 1292 832 1327 S.
851 1291 924 1327 Nili
937 1304 1032 1337 opera
1050 1293 1200 1340 quaedam
1214 1291 1354 1328 nondum
1370 1292 1463 1331 edita.
1515 1294 1567 1328 Ex
1580 1290 1659 1330 bibl.
1675 1289 1790 1327 Caroli

54 1342 96 1381 de
109 1342 298 1380 Montchal.
309 1342 431 1377 Petrus
438 1342 585 1389 Pqfflnus
601 1340 804 1385 recensuitet
818 1342 917 1378 latine
931 1346 1038 1385 vertit,
1054 1357 1130 1379 cum
1146 1342 1306 1380 adnotatt.
1359 1345 1454 1379 Paris.
1465 1346 1496 1379 S.
1507 1342 1683 1389 Cramoisy
1698 1345 1788 1386 1639.

51 1408 85 1440 q:
139 1393 252 1431 Insunt
264 1396 466 1429 narrationes
485 1394 527 1429 de
542 1392 642 1430 caede
656 1396 903 1431 monachorum
920 1404 981 1430 etc.
995 1405 1026 1432 et
1036 1394 1150 1431 'oratio
1169 1399 1204 1432 in
1220 1395 1418 1438 Albianum,
1457 1409 1540 1446 quae
1556 1394 1671 1432 desunt
1691 1398 1727 1430 izi
1740 1392 1787 1428 se-

53 1449 169 1498 quenti
182 1446 260 1482 edit.
270 1447 440 1481 Romana:
953 1451 957 1453 ·

0 1548 1 1552 ,
177 1558 182 1560 Π
220 1515 253 1549 S.
269 1514 341 1549 Nili
359 1519 520 1548 tractatus
525 1511 588 1558 [εκ
604 1512 750 1560 opzfiula
771 1524 812 1548 ex
835 1510 935 1548 codd.
958 1516 1064 1548 msstis
1085 1517 1269 1556 Vaticanis,
1298 1513 1562 1557 cassinensibus,
1586 1514 1784 1555 Barberinis,

0 1555 1 1568 ἵ
52 1574 84 1603 et
98 1563 348 1613 Altaempfianis
363 1575 466 1600 eruta.
517 1563 667 1611 Iosephus
682 1566 795 1600 issaria
810 1566 969 1614 Suamfim
981 1577 1098 1612 graece
1111 1568 1259 1614 primum
1281 1565 1406 1608 edidit,
1429 1565 1530 1602 latine
1547 1570 1642 1602 vertit
1665 1575 1699 1601 et
1722 1578 1783 1601 no-

0 1626 1 1630 ’
30 1654 37 1656 ,
51 1621 90 1655 tis
109 1617 290 1655 illustrauit.
343 1617 474 1652 Romae
491 1618 576 1665 typis
594 1616 774 1651 Barberinis
801 1617 890 1658 1673.
917 1613 978 1651 fol.
1031 1618 1123 1666 Qae
1146 1620 1294 1652 continet
1316 1617 1386 1653 Nili
1409 1615 1565 1666 opuscula
1586 1618 1642 1654 illa
1662 1615 1781 1659 editio,

53 1683 89 1706 ea
103 1671 306 1705 enumerauit
323 1668 445 1705 Oudin.
462 1666 484 1703 l.
501 1681 528 1703 c.
581 1669 620 1703 In
634 1669 838 1703 Dictionaire
855 1667 1158 1717 biffliographique,
1184 1668 1365 1718 historique
1384 1678 1416 1705 et
1435 1672 1576 1718 critique
1598 1667 1654 1704 des
1668 1671 1781 1704 Livres

51 1735 137 1759 rares
156 1729 218 1756 ete.
235 1729 317 1756 tom.
333 1721 373 1754 ΙΙ.
392 1721 486 1755 Paris.
504 1730 596 1764 1790.
614 1726 644 1760 8.
660 1730 736 1766 pag.
753 1729 828 1763 297.
842 1721 959 1754 citatur
974 1721 1052 1756 edit.
1073 1718 1167 1754 valde
1187 1722 1376 1769 incognita:
1413 1723 1444 1756 S.
1468 1721 1542 1756 Nili
1561 1734 1656 1766 opera
1676 1722 1780 1755 omnia

77 1787 101 1808 r.
117 1772 171 1808 lat.
186 1783 226 1807 ex
242 1770 319 1807 edit.
335 1773 457 1806 Leonis
474 1770 581 1805 Assatii
597 1779 628 1805 et
642 1773 708 1805 Ios.
723 1772 852 1805 Mariae
872 1769 1020 1806 Suarefii.
1072 1773 1223 1812 Romae,
1246 1775 1333 1820 typis
1347 1773 1511 1807 Barbetin.
1534 1774 1615 1811 1663
1639 1782 1670 1806 et
1687 1774 1779 1813 1678.
1841 1802 1846 1807 ,

51 1826 98 1861 11.
118 1819 417 1877 vollstol-Citatur
432 1831 541 1857 tamen
560 1824 657 1856 etiam
674 1824 708 1856 in
725 1822 864 1857 Osmont
880 1823 1088 1857 Dictionaire
1106 1825 1305 1871 typograph.
1324 1833 1405 1858 tum.
1422 1823 1465 1857 11.
1484 1837 1514 1872 p.
1533 1836 1575 1858 11.
1593 1833 1624 1858 et
1642 1825 1780 1861 in-Bute

49 1875 210 1925 Bibliogr.
230 1872 418 1909 instructive
433 1873 502 1908 vol.
521 1875 546 1908 1.
560 1886 592 1922 p.
609 1884 682 1916 250.
709 1872 834 1908 Eadem
849 1872 903 1912 lar.
923 1876 958 1909 in
976 1873 1056 1909 Bibl.
1072 1884 1154 1921 patr.
1169 1873 1275 1923 Lugd.
1292 1884 1372 1910 tom.
1381 1878 1454 1910 V11.
1473 1888 1504 1923 p.
1521 1881 1600 1914 182·
1613 1885 1686 1917 324.

215 1943 334 1983 Nune,
355 1937 440 1975 duce
455 1942 590 1982 caneo,
617 1939 743 1989 singula
765 1939 920 1988 opuscula
947 1938 1141 1982 recensebo,
1169 1940 1305 1981 additis,
1333 1941 1386 1976 vbi
1408 1954 1491 1988 opus
1516 1941 1699 1982 videbitur,
1725 1939 1779 1977 Al·

50 1992 118 2031 latii
134 2005 173 2028 ac
187 1993 325 2029 Fabricii
342 1990 692 2032 animaduersionibus,
717 2003 777 2026 nec
791 2005 862 2027 non
878 1990 976 2028 codd.
996 2002 1129 2029 msstor.
1143 1995 1179 2029 in
1195 1993 1311 2042 quibus
1329 1993 1398 2030 Nih
1413 1991 1570 2042 opuscula
1587 1991 1777 2030 custodiun-

51 2054 122 2088 tur,
141 2048 258 2081 notitia
269 2069 280 2085 ,
306 2045 443 2095 aliisque
458 2044 552 2080 rebus
566 2056 647 2079 ame
662 2041 859 2080 obseruatis:

905 2130 934 2167 Λ
962 2140 979 2173 3
1655 2141 1680 2167 ι.
1705 2131 1774 2166 Ex-

152 2207 312 2247 Euagrt'o,
353 2204 551 2244 scholastico,
584 2205 694 2248 scripta
729 2203 890 2242 nonnulla,
942 2205 1113 2236 scribuntur
1134 2205 1205 2237 Nili
1224 2205 1413 2235 narrationes
1437 2203 1475 2234 de
1495 2202 1587 2234 caede
1608 2207 1776 2236 monacho-

51 2261 127 2292 quae
144 2251 196 2280 sub
217 2252 241 2280 S.
263 2248 343 2286 Nili,
361 2249 485 2285 ascetae,
509 2251 632 2279 nomine
648 2252 804 2286 leguntur.
829 2247 888 2278 effe
940 2259 1006 2278 rum
1030 2250 1144 2281 Montis
1167 2251 1254 2280 S'iuae
1274 2258 1303 2280 et
1329 2250 1504 2292 captiuitate
1523 2248 1683 2281 Theoduli
1712 2259 1777 2280 eius

43 2291 228 2329 tribuenda,
251 2294 310 2322 iam
333 2292 420 2332 supra
444 2295 474 2322 in
494 2293 555 2325 vol.
581 2296 647 2324 Vll.
670 2303 735 2333 pag.
762 2303 828 2328 434.
846 2293 886 2321 est
938 2290 1005 2325 filii.
1161 2290 1163 2292 ¹

38 2336 301 2371 *numadum-sum.
337 2339 370 2365 ln
384 2334 474 2368 codd.
491 2335 643 2368 interdum
657 2335 818 2376 Anastasio
831 2335 884 2365 ad-
