2023 2656
52 159 275 195 vom-22⁹1
437 158 633 209 ErstE
660 160 857 197 HAEitesr
882 159 1220 198 RECENTIORES.
1330 159 1404 197 Lib.
1424 155 1664 197 κακῇ-ν.
1718 167 1782 203 549

155 267 196 290 ex
213 255 369 291 Simeone
386 253 540 304 episcopo
554 254 872 297 Beth-Arsamenfi.
901 268 979 291 cum
995 258 1102 291 notis:
1128 268 1161 304 p.
1180 266 1253 301 540.
1266 252 1335 304 sqq.
1353 253 1393 290 de
1412 251 1515 293 codd,
1532 250 1686 300 syriacis,
1712 251 1778 288 huc

154 307 391 356 pertinentibus
408 316 469 342 etc.
498 326 548 333 -—
576 308 610 342 in
636 317 719 343 tom.
738 309 781 343 Π.
805 308 977 355 permultis
992 307 1094 349 locis,
1128 320 1160 356 p.
1179 319 1231 352 39.
1249 313 1321 350 287.
1341 318 1416 349 403.
1431 305 1498 355 sqq.
1522 311 1595 349 387.
1611 303 1679 354 sqq.
1702 303 1778 348 (vbi

154 370 290 407 quoque
305 371 344 393 ex
360 361 400 394 11.
423 356 522 393 codd.
541 356 670 403 syriacis
685 369 715 394 et
731 362 772 394 ll.
799 360 933 395 arabicis
952 359 1120 408 catalogus
1133 361 1388 407 patriarcharum
1405 356 1653 394 Chaldaeorum
1670 364 1701 391 et
1711 357 1778 391 Ne-

155 408 378 445 storianorum
394 410 584 452 exhibetur,
612 425 648 445 ac
663 423 738 459 pag.
755 413 828 456 456.
845 411 913 460 sqq.
939 413 1123 459 augetur.,)
1149 421 1209 446 etc.
1241 408 1282 445 de
1300 408 1493 451 Chaldaeis,
1521 411 1578 457 qui
1598 409 1694 443 etiam
1719 403 1777 442 As·

153 459 231 505 syrii
249 462 422 498 orientales
437 471 468 496 et
480 461 665 497 Nelioriani
683 462 950 510 adpellabantur;
971 483 1023 489 —
1048 465 1084 497 in
1102 471 1185 498 tom.
1202 463 1262 496 111.
1284 470 1366 510 part.
1392 473 1416 497 1.
1443 460 1581 495 infinitis
1602 471 1706 508 paene
1726 457 1779 493 lo-

156 515 199 548 cis
215 510 255 547 de
273 516 410 559 iisdem,
437 511 631 548 eorumdem
652 523 727 548 ortu
748 511 888 562 fatisque
910 516 944 549 in
967 517 1111 556 oriente,
1138 527 1175 548 ac
1196 513 1307 548 ritibus
1331 512 1574 560 erroribusque.
1628 514 1666 546 In
1688 518 1779 557 parte

152 562 294 601 secunda
310 575 379 600 tota
393 563 579 600 Affcmann.
593 564 733 613 longam
758 564 959 621 doclamque
984 564 1024 600 de
1046 567 1136 611 Syris
1155 565 1358 600 Nestorianis
1383 561 1642 598 dissertationem
1662 558 1776 601 edidit,

154 628 193 651 ac
208 614 248 651 de
262 616 417 651 Nestorio
435 617 568 664 eiusque
588 617 825 652 recentioribus
852 615 1095 658 defensoribus,
1121 615 1282 664 Basuagio
1294 640 1303 654 ,
1329 617 1505 664 praecipue
1519 613 1548 649 la
1567 616 1677 649 Croze
1692 610 1780 647 aliis·

155 679 239 715 que,
267 680 352 715 quos
377 665 524 703 refellere
540 665 761 713 adlaborauit‚
787 666 928 703 seuerius
944 671 1117 717 acriusque
1131 666 1307 714 iudicauit5
1335 680 1404 715 cap.
1421 668 1462 700 ΙΙ.
1481 677 1584 714 vsque
1600 662 1639 699 ad
1653 676 1723 711 cap.
1737 664 1779 699 V.

151 718 429 755 Nestorianorum
451 716 515 753 fata
544 719 583 753 ab
616 731 734 755 eorum
757 722 854 754 initio
880 732 981 769 vsque
999 719 1041 755 ad
1060 734 1086 755 a.
1103 731 1189 763 1714.
1211 718 1424 769 persequutus
1447 717 1512 752 est:
1553 729 1625 765 cap.
1638 716 1714 751 v11.
1738 710 1781 748 de

151 771 295 807 Nestorii
312 784 349 806 ac
364 769 641 807 Nestorianoruu]
657 771 843 812 erroribus,
870 769 903 819 ᾗ.
923 784 974 815 23.
1002 772 1104 808 Harl.
1625 786 1630 789 “

216 873 402 910 Nestoriani
419 874 528 909 adhuc
545 872 679 922 plurimi
697 872 799 910 hodie
813 873 905 921 sunt,
939 878 993 923 qui
1017 875 1162 911 Nestorii
1184 874 1302 910 colunt
1323 875 1541 918 memoriam,
1573 869 1651 907 licet
1670 867 1781 904 haere}

0 971 1 975 Ἰ
49 926 123 966 scos
137 923 196 976 ipsi
209 927 369 975 impae‘lae
382 929 491 961 minus
511 922 644 960 sortasse
660 927 706 961 rei
717 954 726 969 ‚
757 925 934 962 Christiani
952 929 985 961 in
1002 929 1129 962 oriente
1145 929 1189 961 cis
1206 936 1237 961 et
1251 926 1334 962 vltra
1350 927 1570 974 Euphratem,
1605 925 1640 956 in
1663 918 1781 963 Perfia,

51 978 145 1016 India
156 1004 166 1020 ‚
191 979 362 1014 Tartaria:
388 975 430 1012 de
446 977 564 1025 quibus
581 973 749 1015 consulere
765 979 891 1013 iuuabit
904 978 1124 1014 Abrahamum
1141 979 1306 1014 Bzom'um
1321 976 1362 1013 ad
1377 991 1405 1013 a.
1423 978 1462 1012 C.
1480 986 1566 1017 1330.
1582 986 1632 1009 nr.
1646 983 1692 1006 21.
1708 969 1780 1019 sqq.

52 1043 100 1078 52.
118 1028 207 1080 seqq.
239 1029 393 1075 Faustum
414 1030 595 1064 Nairomrm
612 1026 648 1073 Η)
676 1032 710 1065 in
732 1030 877 1078 Euoplia
898 1030 978 1065 fidei
998 1029 1180 1065 catholicae
1204 1042 1363 1064 romanae
1389 1028 1550 1065 historico
1575 1024 1781 1073 dogmatica,

50 1086 154 1121 Rom.
173 1084 266 1126 1694.
283 1088 314 1120 ὃ.
340 1080 428 1117 Aah.
445 1082 604 1116 Mirantem
621 1080 661 1116 ad
680 1080 841 1117 Gennadii
856 1079 896 1117 de
910 1078 1119 1129 scriptoribus
1134 1080 1245 1117 eccles.
1260 1093 1330 1129 cap.
1341 1091 1390 1126 53.
1412 1093 1452 1116 ex
1466 1074 1645 1115 Leonardo
1661 1072 1781 1109 Abele:

0 1145 1 1157 ³
50 1136 305 1172 Rich-Simonem
320 1133 358 1168 in
367 1132 514 1168 Historia
528 1133 637 1168 critica
654 1130 733 1168 fidei
751 1143 782 1168 et
794 1136 920 1169 rituum
935 1133 1086 1169 oriental.
1101 1131 1222 1182 gallice
1237 1131 1322 1167 edita
1336 1145 1406 1181 cap.
1416 1131 1494 1166 VII.
1524 1133 1684 1165 Ioannem
1697 1126 1779 1161 Mo·

51 1190 162 1223 riuum
179 1181 280 1233 praef,
298 1184 340 1218 ad
357 1185 455 1219 ritum
472 1183 691 1219 ordinationis
706 1184 980 1220 Nestorianorurn
993 1187 1027 1225 iu
1045 1197 1146 1233 opere
1163 1183 1203 1219 de
1215 1181 1309 1219 sacris
1333 1182 1487 1220 ecclefiae
1512 1176 1780 1216 ordinationibus

0 1283 1 1287 Ἰ
50 1253 82 1288 p.
100 1239 174 1281 364.
192 1235 258 1284 sqq.
287 1235 389 1280 (434.
406 1233 496 1284 sqq.)
522 1235 690 1282 Eusebium
704 1238 929 1272 Renaudotum
944 1239 978 1271 in
996 1234 1197 1272 collediione·
1212 1237 1435 1283 Liturgiarum
1456 1230 1667 1268 orientalium
1693 1236 1722 1263 et
1745 1228 1781 1261 in

50 1299 148 1325 tomo
165 1296 282 1336 quarto
299 1288 426 1334 operis,
451 1284 543 1335 quod
560 1284 743 1323 inscribitur
756 1286 979 1334 Iaperperuite'
991 1288 1028 1322 de
1042 1287 1136 1332 lafin‘
1150 1288 1186 1322 de
1200 1286 1318 1334 l'eglise
1334 1287 1506 1332 catlzolique
1519 1283 1670 1319 touchant
1687 1279 1782 1314 l'En-

50 1339 193 1388 chamstie
205 1338 288 1382 mm),
322 1336 441 1374 excuso
459 1334 556 1372 Paris.
574 1349 654 1380 1711.
670 1350 703 1382 4.
729 1341 764 1373 in
779 1339 915 1374 historia
931 1341 1189 1387 patriarcharum
1205 1338 1391 1373 Alexandr.
1410 1346 1441 1372 et
1461 1339 1495 1370 in
1504 1334 1590 1371 Gall.
1607 1330 1693 1367 edita
1709 1332 1782 1364 eius

0 1393 1 1432 ἶ
49 1392 228 1442 apologia:
257 1391 288 1425 la
306 1388 410 1426 Croze
428 1391 462 1424 in
475 1387 550 1424 hist.
566 1387 610 1424 du
625 1388 870 1426 Christianisme
888 1389 943 1426 des
959 1388 1064 1426 Indes.
1093 1391 1194 1426 Fabr.
1245 1387 1430 1437 Affemmm.
1452 1385 1568 1436 passim
1590 1380 1727 1434 quidem
1743 1381 1781 1414 in

50 1443 128 1480 bibl.
146 1446 265 1487 orient.
284 1438 337 1475 sed
354 1444 528 1490 praecipue
544 1443 578 1475 in
594 1450 677 1476 tom.
693 1442 752 1475 III.
778 1451 897 1487 part.2.
914 1455 982 1489 cap.
1000 1454 1027 1485 3.
1053 1440 1093 1476 de
1108 1440 1357 1477 Nestorianismi
1373 1442 1495 1489 origin.
1512 1441 1548 1473 in
1563 1439 1702 1479 oriente,
1717 1440 1782 1467 etc.

51 1509 122 1544 cap.
140 1507 171 1540 9,
192 1508 225 1543 p.
241 1504 310 1537 413.
328 1489 398 1541 sqq.
431 1490 472 1526 de
491 1492 682 1527 Christianis
705 1494 737 1526 S.
759 1493 916 1528 ‘rhomae
941 1496 976 1528 in
1007 1494 1123 1534 India,
1166 1490 1271 1541 deque
1291 1492 1497 1527 Nestorianis
1516 1492 1551 1525 in
1570 1488 1724 1522 Tartaria
1747 1492 1780 1519 et

0 1547 1 1590 ᾖ
50 1546 141 1584 vasto
155 1547 308 1581 Sinarum
328 1546 490 1592 imperim
521 1545 552 1591 ᾗ.
568 1555 599 1577 2.
622 1541 662 1579 de
679 1542 883 1580 Nestorianis
897 1547 930 1579 in
945 1541 1210 1593 Mesopotamia,
1244 1545 1419 1589 Armenia,
1459 1542 1570 1587 Syria,
1601 1535 1780 1574 Palaestina

51 1611 80 1636 et
96 1599 233 1648 Cypro:
270 1594 344 1631 add.
368 1609 400 1644 p.
415 1607 490 1638 477.
508 1593 573 1642 sqq.
598 1608 628 1643 p.
652 1607 724 1640 502.
747 1594 817 1644 sqq.
838 1609 870 1642 p.
891 1607 955 1641 521.
973 1595 1042 1645 sqq.
1073 1608 1141 1644 cap.
1162 1607 1210 1630 10.
1241 1596 1275 1642 ᾗ.
1290 1605 1321 1637 4.
1345 1608 1377 1643 p,
1391 1596 1464 1639 605.
1481 1591 1550 1642 sqq.
1581 1587 1623 1624 de
1649 1589 1780 1624 Mono-

0 1660 1 1681 1
49 1648 189 1701 physnis
203 1659 234 1684 et
250 1646 458 1684 Nestorianis
473 1649 508 1681 in
523 1647 659 1682 Arabia:
684 1660 753 1695 cap.
771 1660 811 1682 11.
827 1645 898 1697 sqq.
930 1661 1005 1697 pag.
1024 1650 1090 1692 615.
1107 1646 1178 1696 sqq.
1205 1645 1246 1682 de
1270 1647 1468 1695 patriarcha,
1501 1638 1724 1690 metropolitis
1747 1647 1780 1671 et

0 1699 1 1736 ἕ
49 1701 227 1752 episcopm
252 1699 294 1735 de
309 1699 525 1747 presbyteris,
548 1697 713 1743 diaconis,
741 1699 867 1735 clericis
889 1709 920 1735 et
937 1701 1109 1736 monachis
1130 1697 1418 1734 Nestorianorum.
1470 1693 1535 1731 Sed
1550 1693 1645 1742 plura
1658 1703 1700 1726 ex
1714 1686 1779 1735 isto

0 1742 1 1752 l
50 1767 153 1804 opere
177 1750 317 1793 referre.
350 1748 438 1785 haud
467 1760 568 1786 vacat.
621 1749 712 1789 Add.
731 1753 861 1786 Matar.
888 1751 1041 1799 Veyffiere
1061 1752 1092 1787 la
1119 1749 1225 1787 Croze
1243 1746 1434 1785 historische
1453 1744 1694 1789 Beschreibung
1720 1737 1781 1774 det

50 1804 259 1843 christlichen
276 1802 436 1851 Religion
452 1805 485 1837 in
499 1803 679 1851 Ethiopien
697 1801 767 1837 und
783 1804 961 1838 Armenien
974 1816 1122 1853 german.
1140 1800 1284 1846 versam,
1310 1797 1458 1837 Dantisci
1476 1809 1566 1841 1740.
1582 1801 1612 1834 8-
1637 1803 1713 1842 Pag-
1729 1801 1781 1834 23*

0 1851 1 1889 l
47 1856 137 1907 seqq.
162 1858 215 1892 De
228 1854 431 1891 Nestorianis
455 1855 491 1890 in
511 1854 588 1889 Sina
620 1854 795 1904 v.·Fleury
808 1857 861 1892 in:
882 1855 1032 1892 Histoire
1052 1850 1164 1891 eccles.
1188 1862 1271 1889 tom.
1285 1853 1394 1888 XVII.
1429 1849 1522 1888 Paris.
1544 1858 1624 1892 1751·
1646 1855 1678 1888 4-
1698 1853 1777 1892 P³g·

48 1911 122 1955 546.
138 1907 207 1958 sqq.
247 1906 348 1943 Harl.
1061 1907 1063 1909 '
1457 1909 1476 1915 “’

1032 2016 1060 2054 2
1067 2028 1084 2052 Ζ
1093 2027 1111 2052 2
1137 2026 1155 2059 3
1674 2002 1780 2042 Index

88 2205 134 2245 tt)
157 2203 230 2235 Aaa
243 2202 397 2237 Eniditor.
413 2209 488 2236 tom.
508 2214 539 2236 2.
554 2202 753 2247 supplement.
773 2215 801 2247 p.
817 2210 881 2243 554.

88 2289 173 2335 mm)
192 2290 340 2322 Memoir.
362 2289 400 2321 de
417 2291 578 2323 Trevonx.
595 2299 676 2329 1712.
698 2300 728 2333 p.
744 2294 815 2329 746.
829 2289 894 2332 sqq.
