2023 2656
61 156 124 185 voi.
137 155 213 185 vni.
236 164 263 192 p.
277 156 402 189 mmo

506 159 710 195 PROCLVS
738 157 788 194 IN
813 155 1073 196 PLATONEM
1097 158 1160 196 DE
1185 158 1282 196 REP.
1383 161 1548 200 Lib.V.c.
1558 160 1667 198 XXI.
1720 173 1784 210 423

56 249 128 287 suin
161 251 452 287 elicere-conatus
484 252 547 295 esta,
599 251 656 289 sed
688 250 861 302 frigidum
880 252 995 301 paffim
1027 261 1059 288 et
1089 251 1264 294 insulsum.
1317 263 1353 290 vt
1384 255 1542 304 exemplis
1578 253 1778 304 quibusdam

56 301 199 338 ostendit
227 303 317 338 Guil.
343 304 447 339 Henr.
473 304 624 351 Vorstius
647 306 681 339 in
711 304 827 340 bilibra
857 307 999 340 veritatis
1030 317 1064 352 p.
1101 315 1167 348 175.
1202 303 1293 354 seqq.
1361 308 1450 341 Inter
1478 307 1666 342 christianos
1704 305 1778 341 scri-

52 363 166 402 ptores
197 355 270 402 quis
308 356 458 401 ignorat,
512 370 530 391 a
561 354 750 391 dociissimo
779 367 915 405 quoque
946 353 1071 390 fabulas
1101 364 1276 403 poetarum
1307 357 1519 392 ethnicorum
1554 360 1700 396 certatim
1733 355 1776 391 ad

50 404 223 440 historiam
244 402 365 440 sacram
394 407 501 442 trahi?
551 405 660 442 Video
686 416 862 455 praeterea,
886 405 1011 441 laudari
1040 408 1200 442 Thomae
1225 404 1266 441 de
1289 407 1413 444 Wallis
1443 407 1658 443 concordiam
1691 411 1775 443 inter

49 454 172 492 sacram
197 453 390 504 scripturam
414 467 446 492 et
468 454 594 493 fabulas
618 461 762 506 poeticas
787 460 842 505 pia
868 455 1112 493 moralisatione
1136 457 1327 494 institutam.
1379 461 1509 494 Omitto
1534 460 1639 494 Mich.
1656 461 1773 503 Maye-

49 509 101 548 ri,
130 504 250 542 Adami
275 507 514 547 Habercornii‚
547 508 678 557 physici
705 507 868 549 cizensis,
896 508 1008 543 Iacobi
1033 507 1144 544 Tollii
1167 517 1200 547 et
1224 508 1364 545 aliorum
1390 508 1523 558 scripta,
1552 507 1678 544 fabulas
1702 508 1774 542 istas

50 558 198 593 chemice
220 558 473 607 explicandum,
527 559 619 610 quod
649 573 668 594 a
700 558 790 595 sensu
823 559 998 595 audiorum
1031 557 1159 608 oppido
1190 558 1334 596 alienum
1368 558 1432 596 effe
1461 563 1583 596 merito
1613 558 1774 594 iudicauit

49 609 186 644 Gabriel
208 609 382 645 Naiadum
405 613 440 646 in
465 612 625 660 apologia
651 623 716 659 pro
750 613 866 659 magis.
917 610 1070 646 Natalem
1103 613 1282 651 comitem,
1333 614 1499 648 Baconem
1531 610 1773 650 Verulamium,

48 661 237 696 Iohannem
259 661 457 698 Turuerum
481 671 514 697 et
538 662 640 703 alios,
666 665 724 710 qui
746 660 884 712 physice
905 664 1178 711 interpretantur,
1211 675 1282 697 non
1305 666 1414 699 minus
1439 677 1458 698 a
1482 660 1638 704 sententia
1663 662 1775 705 aueto-

48 724 125 747 rmn
149 712 309 753 aberrare,
335 715 509 749 contendit
537 712 606 749 Ioh.
632 713 771 750 Clericus
793 722 875 748 tom.
900 715 970 749 XV.
998 712 1076 748 bibl.
1100 711 1271 751 vainei-sal.
1298 727 1374 763 pag.
1403 725 1453 759 57.
1484 712 1550 762 seq.
1604 710 1700 747 Idem
1723 714 1776 747 vir

49 761 166 799 clariss‘.
194 762 388 799 historicum
414 763 541 801 sensum
569 762 626 799 sub
653 762 771 800 fabulis
796 762 981 800 delitescere
1012 761 1133 799 eodem
1158 763 1237 799 loco
1270 777 1342 800 non
1373 764 1516 810 dubitat,
1567 761 1668 811 idque
1700 761 1774 811 plu-

49 813 137 850 ribus
163 814 376 850 confirmauit
398 818 434 851 in
458 815 521 852 suis
546 814 587 851 ad
610 817 853 865 Theogoniam
876 814 1019 851 Hesiodi
1044 817 1132 850 notis
1157 824 1189 850 et
1214 817 1249 850 in
1281 813 1555 863 dissertationibus
1581 813 1622 849 de
1648 816 1774 849 Hercu-

49 866 99 906 le,
151 863 310 901 Adonide
336 880 375 902 ac
400 869 539 910 Cerere,
592 880 677 916 quos
707 876 803 902 tomo
838 868 865 902 1.
898 868 939 905 11.
970 876 1002 902 et
1035 868 1093 902 VI.
1118 865 1336 904 bibliothecae
1359 870 1425 903 iam
1449 865 1555 902 didiae
1587 862 1774 900 vniuersalis

49 914 194 952 inseruit.
242 916 404 953 Eamdem
432 917 559 954 causam
589 919 691 953 tribus
714 918 943 953 voluminibus
977 921 1045 967 egit
1074 918 1247 959 minicius,
1301 917 1422 967 gallice
1455 917 1549 953 editis
1582 915 1641 952 sub
1673 915 1772 950 titulo

47 968 236 1013 explicationi
269 968 438 1018 lzgstoriqne
471 972 524 1005 des
549 970 668 1016 fables.
722 971 884 1005 Feruntur
916 977 948 1004 et
981 969 1064 1004 olim
1096 969 1286 1004 Manichaei
1317 968 1474 1018 dogmata
1501 967 1556 1004 sua
1584 971 1622 1003 in
1652 964 1772 1001 fabulis

45 1029 219 1069 poetarum
245 1018 434 1056 adumbrata
460 1021 598 1061 iaetass'e.
628 1030 661 1055 vt
685 1018 800 1069 paffim
826 1018 924 1055 docet
951 1018 1150 1065 Alexander,
1174 1019 1390 1069 Lycopolita‚
1416 1024 1453 1056 in
1476 1020 1562 1056 libro
1587 1017 1629 1054 de
1653 1030 1773 1053 eorum

45 1071 183 1121 placitis.
208 1069 254 1116 ἑὲ)
306 1072 370 1108 Sed
393 1083 525 1120 ‘tempus
551 1072 607 1114 esi,
660 1083 705 1113 vt,
750 1071 850 1106 missis
875 1069 994 1107 fabulis
1021 1084 1199 1119 earumque
1222 1073 1351 1106 incertis
1384 1072 1562 1121 allegoriis,
1595 1068 1636 1104 ad
1663 1068 1774 1104 Procli

44 1120 162 1171 scripta
191 1122 371 1159 redeamus,
422 1125 474 1160 Ex
500 1123 614 1159 iisdem
635 1127 669 1158 in
697 1127 868 1159 Platonem
903 1122 943 1157 de
971 1136 1037 1170 rep.
1071 1125 1314 1157 commentariis
1341 1121 1636 1158 demonstrationes
1661 1118 1774 1156 Procli

47 1188 89 1210 ex
113 1174 202 1209 libro
231 1177 288 1209 lv.
314 1174 355 1209 de
382 1186 448 1221 rep.
481 1173 572 1223 quod
596 1185 658 1208 tres
685 1174 748 1209 fint
777 1178 903 1208 animae
937 1175 1101 1207 humanae
1135 1183 1258 1220 parte3‚
1311 1187 1426 1221 graece
1459 1186 1510 1220 ap.
1546 1175 1619 1207 1011.
1650 1169 1770 1214 Valde-

47 1228 141 1266 rum,
194 1223 263 1260 fine
287 1227 447 1273 temporis
474 1229 647 1259 notatione
667 1224 758 1259 Bafil.
786 1231 818 1264 8.
843 1223 949 1259 editae
973 1222 1048 1258 sunt
1082 1237 1158 1258 cum
1193 1224 1354 1264 Platonis,
1407 1223 1607 1264 Aristotelis,
1660 1223 1771 1256 Xeno·

47 1278 201 1326 phontis,
255 1275 418 1311 Plutarchi
444 1286 476 1311 et
501 1277 598 1311 Alex.
625 1275 820 1324 Aphrodilei
847 1273 973 1322 seriptis
999 1274 1195 1323 quibusdam
1222 1277 1336 1309 ethicis
1363 1289 1402 1311 ac
1428 1275 1568 1322 politicis
1597 1286 1672 1323 pag.
1695 1282 1769 1314 473.

46 1329 183 1372 -496.
209 1325 265 1373 [if]
290 1325 408 1362 Suidae
435 1337 665 1362 memorantur
690 1328 803 1361 Procli
824 1329 858 1361 in
873 1328 1023 1372 politiam
1044 1327 1117 1361 libri
1147 1334 1302 1374 quatuor,
1329 1325 1421 1375 quod
1447 1339 1531 1375 opus
1556 1328 1662 1373 magis
1688 1327 1771 1366 inte-

44 1392 142 1427 grum
168 1376 262 1415 fuiss'e
287 1377 437 1417 videtur.
491 1392 589 1428 quain
629 1376 866 1414 dissertationes
900 1375 1024 1417 editae⁷
1079 1376 1121 1412 de
1154 1378 1271 1426 quibus
1305 1381 1369 1412 iam
1403 1380 1542 1426 egimus.
1607 1379 1662 1411 Eis
1693 1376 1771 1409 hinc

44 1429 123 1466 inde
145 1433 182 1466 in
207 1443 265 1465 ora
291 1428 415 1465 codicis
439 1430 586 1466 Medicei
611 1428 742 1464 adtexta
767 1427 842 1464 sunt
869 1426 1028 1477 quaedam
1053 1426 1194 1469 scholia,
1248 1427 1357 1464 nescio
1382 1433 1492 1470 cuius,
1545 1428 1688 1462 aridioris
1714 1423 1768 1460 ad-

44 1484 111 1517 hue
136 1477 316 1520 ἀνέκδοτοι.
343 1479 378 1522 ¹¹)
431 1481 643 1517 Desideratus
667 1483 764 1516 etiam
790 1484 825 1515 in
860 1480 955 1515 editis
987 1482 1244 1515 commentarius
1274 1479 1342 1515 siue
1378 1478 1557 1515 differ-tatio
1591 1477 1701 1514 Procli
1734 1480 1770 1512 in

42 1533 156 1569 locum
183 1534 327 1570 Platonis
354 1534 392 1568 X.
418 1531 459 1567 de
484 1545 551 1582 rep.
573 1532 627 1567 vbi
651 1531 692 1568 de
716 1534 781 1567 Ere
803 1532 981 1568 Armenio,
1034 1532 1132 1566 MSta
1158 1534 1194 1566 in
1223 1531 1420 1566 bibliotheca
1443 1530 1616 1566 Nobilium
1643 1529 1767 1564 Saluia-

43 1593 155 1621 torum
183 1584 389 1627 Florentiae,
442 1597 492 1620 ex1
509 1597 572 1633 qua
598 1587 635 1619 in
659 1581 809 1619 medium
831 1581 995 1619 nonnulla
1021 1585 1131 1619 minus
1156 1585 1296 1631 protrita
1321 1581 1363 1619 de
1389 1582 1579 1619 hominibus
1610 1578 1767 1667 redigl‘ms

1662 1646 1680 1666 a
1720 1637 1773 1666 ere

85 1731 135 1768 kk)
158 1734 221 1762 lam
237 1730 331 1760 multa
350 1729 386 1760 de
401 1731 457 1760 hac
473 1740 506 1760 re
522 1730 640 1772 prolata
655 1728 721 1760 sunt
735 1727 822 1771 supra
845 1728 882 1758 ad

45 1778 107 1808 vol.
125 1779 148 1806 1.
165 1785 194 1815 p.
211 1783 271 1810 530.
295 1773 354 1814 sqq.
378 1773 410 1812 ὃ.
428 1776 466 1803 11.
482 1783 511 1803 et
531 1785 561 1814 p.
580 1778 641 1810 586.
664 1772 726 1814 sqq.
751 1780 811 1803 not,
835 1783 881 1803 oo.

46 1821 114 1851 add.
138 1818 252 1856 Steger
266 1817 360 1847 vcbei-
372 1815 537 1847 rhierische
559 1816 662 1845 wesen
686 1814 746 1846 vnd
769 1816 882 1846 Thier-

46 1863 232 1902 gottheiten,
255 1860 323 1899 (qni
338 1861 488 1896 oiiginem
502 1859 632 1900 plurium
655 1860 824 1893 mythol-um
847 1857 881 1887 il-

45 1908 204 1945 lorumque
222 1902 453 1939 intelligentiam
476 1902 638 1943 explanare
653 1900 816 1941 sustinuit‚)
836 1902 881 1931 in:

44 1948 190 1982 Deutsche
212 1944 457 1980 Monatsschrist‚
481 1956 520 1974 m.
545 1948 618 1983 Aug.
646 1952 723 1980 1795.
749 1944 829 1984 Lips.
854 1952 883 1974 et

42 1987 251 2025 Hnlberstad½
283 1999 311 2029 p.
334 1993 512 2024 309—362.
536 1997 580 2018 et:
604 1988 736 2023 Origine
757 1985 792 2015 de
817 1995 883 2015 tous

42 2037 85 2067 les
106 2034 224 2067 enites,
248 2041 288 2060 ou
308 2031 449 2068 Religion
472 2030 651 2061 universene
673 2039 727 2070 par
749 2029 883 2068 Dupm's,

43 2082 169 2114 C'uoyen
184 2076 334 2114 Frangois.
358 2075 449 2103 Parin.
469 2083 548 2114 1795.
569 2081 593 2106 8.
619 2077 668 2104 XI.
685 2081 757 2101 tom.
784 2080 813 2100 et
837 2082 882 2101 22.

43 2121 185 2152 Planches
206 2118 243 2146 de
264 2116 415 2153 l'origine
437 2115 473 2145 de
495 2126 561 2145 tous
584 2116 625 2146 les
650 2115 748 2147 Cultes
772 2114 810 2143 du
835 2117 883 2144 (i-

43 2174 132 2200 toyen
150 2159 282 2199 Dupwis,
307 2169 379 2188 avec
396 2156 881 2201 leui-explicationi.<onf.ephem.

43 2207 135 2237 litter.
151 2204 290 2246 Lipliem.
315 2212 329 2230 a
359 2206 440 2239 1796.
463 2202 541 2242 plag.
559 2212 623 2239 ¹04·
649 2210 678 2231 et
699 2210 759 2236 105.
784 2199 879 2232 Harl.

42 2249 85 2280 Ad
100 2250 115 2278 l.
130 2247 268 2288 inprimis
276 2245 327 2275 Fr.
341 2244 452 2274 Gedtke
462 2244 660 2276 tonums'llm·
675 2244 721 2274 die
737 2244 880 2282 mannig.

33 2292 171 2333 faltigrn
184 2287 370 2328 Hypotlufsrn
387 2296 449 2317 zur
459 2287 643 2328 Evenit-ung
657 2288 710 2318 der
725 2286 878 2324 Mytholo-

38 2337 74 2375 gi
93 2357 100 2369 ,
118 2328 234 2365 ineius:
253 2329 613 2370 Vei-thaffueSchriften,
628 2330 791 2363 Berkigoi.
808 2339 875 2371 pag.

41 2384 73 2408 όι
85 2387 200 2407 -ιοο,
227 2373 267 2404 Β.

969 1727 1012 1769 ll)
1040 1733 1074 1760 In
1107 1728 1174 1764 cod.
1207 1730 1256 1761 IX.
1278 1731 1404 1760 membr.
1428 1732 1459 1759 in
1490 1733 1541 1760 IV.
1568 1726 1641 1758 saec.
1663 1726 1712 1757 XI.
1735 1736 1765 1755 v.

929 1772 1064 1804 Bandim'
1080 1782 1137 1804 cat.
1156 1772 1244 1802 codd.
1263 1784 1307 1810 gr.
1327 1776 1466 1803 Laurent.
1486 1774 1541 1804 ΠΙ.
1564 1783 1592 1812 p.
1618 1780 1678 1806 ¹92·
1700 1769 1764 1809 sqq.

927 1817 997 1856 qui,
1020 1818 1173 1858 postquam
1193 1816 1360 1846 Fabricium
1371 1817 1502 1846 nostrum
1511 1824 1597 1845 more
1615 1813 1666 1842 suo
1681 1821 1764 1841 com-

927 1858 1052 1899 pilanit‚
1089 1859 1238 1899 exscripsit
1258 1858 1395 1888 scholion
1418 1857 1570 1900 quoddam
1591 1853 1763 1896 speciminis

925 1902 1016 1940 loco,
1047 1901 1176 1943 denique
1199 1900 1341 1938 ostendit,
1370 1910 1500 1943 quatuor
1524 1903 1659 1936 integros
1681 1896 1763 1926 illinc

927 1945 994 1977 cod.
1017 1947 1228 1986 quaterniones
1243 1945 1300 1973 ess'e
1316 1943 1509 1986 deperditos,
1537 1951 1566 1972 et
1589 1940 1682 1971 multa
1703 1938 1762 1968 alia

928 1996 1025 2029 prope
1043 1989 1132 2017 finem
1148 1986 1319 2017 defiderari.
1371 1989 1415 2016 De
1435 1987 1503 2016 aliis
1524 1983 1613 2015 cociti.
1637 1991 1665 2012 et
1690 1981 1759 2012 cod.

929 2030 1080 2070 quoni-'am
1098 2032 1128 2060 in
1151 2030 1223 2059 bibl.
1239 2029 1399 2059 Nobiliinn
1418 2030 1618 2059 Saluiatorum
1642 2026 1759 2054 seruato

929 2072 997 2103 vide
1012 2072 1096 2113 snpra
1113 2073 1149 2102 ad
1166 2073 1227 2103 vol.
1244 2073 1296 2102 111.
1318 2084 1346 2114 p.
1360 2083 1407 2108 92.
1433 2080 1495 2100 not.
1519 2075 1558 2100 tte
1579 2076 1607 2098 et
1631 2078 1707 2101 uun3
1730 2075 1761 2098 et

928 2115 964 2145 cl.
983 2114 1129 2156 ViIIOI'son
1144 2117 1173 2144 in
1191 2115 1335 2144 Anecdot.
1351 2125 1394 2152 gr.
1412 2122 1486 2145 tom.
1503 2114 1540 2142 11.
1563 2123 1592 2152 p.
1616 2116 1685 2147 264.
1705 2110 1758 2140 sub

925 2160 1035 2192 finem,
1064 2168 1097 2188 ac
1118 2156 1241 2198 Fistlier
1261 2159 1290 2186 in
1316 2159 1401 2186 notit.
1423 2155 1511 2186 codd.
1532 2154 1646 2185 Platon.
1670 2154 1759 2194 snpra

926 2200 1062 2236 laudata,
1087 2210 1115 2241 p.
1139 2206 1197 2238 178.
1217 2208 1276 2236 ¹79>
1300 2207 1354 2228 etc.
1377 2215 1419 2223 —·—
1447 2199 1553 2230 Procli
1574 2199 1607 2226 in
1626 2196 1758 2226 Platoni·

924 2245 1088 2273 'simaeum
1106 2244 1333 2277 commentarii,
1355 2251 1385 2271 et
1406 2244 1438 2271 iu
1455 2240 1587 2271 fliusdr'm
1607 2239 1757 2270 Politicm

922 2286 1122 2327 difficIIiorum
1148 2285 1351 2326 quaestionum
1375 2286 1507 2315 onmium
1529 2283 1688 2313 (narratio
1711 2291 1757 2319 gr.

922 2328 1004 2359 Ram.
1029 2339 1074 2369 ap.
1101 2332 1123 2358 1.
1147 2327 1319 2358 Valdcrnni.
1343 2336 1418 2365 1534.
1440 2327 1528 2357 foi-m.
1552 2328 1620 2355 mni.
1648 2324 1758 2355 adiessi.

921 2372 984 2400 sun:
1003 2373 1069 2412 ijvfis
1085 2371 1214 2401 Platonis
1234 2370 1373 2408 dialogis.
1397 2382 1425 2402 v.
1451 2369 1645 2409 Hambcrgt’r
1665 2379 1688 2397 z.
1712 2370 1754 2400 N.

918 2417 971 2446 ΠΙ.
988 2426 1016 2456 p.
1033 2420 1097 2450 256-
1115 2424 1143 2445 et
1156 2413 1277 2456 Jv'z'sclnr
1293 2413 1315 2449 l.
1333 2425 1357 2444 c.
1373 2425 1402 2456 p.
1417 2423 1486 2451 207.
1509 2413 1549 2454 sq.
1594 2412 1688 2444 Harl.
