2023 2656
26 143 377 204 ,v0=.v1ii7p34211·4-2³
581 158 601 167 -r
702 140 767 190 na
780 139 1139 189 ‘ELEchvaa
1201 155 1205 157 ·
1393 143 1679 194 ‘laianu-axx.
1730 158 1786 195 33¹

144 238 281 277 Infestas
307 251 442 281 manus,
486 245 542 272 aut
567 235 713 273 lacerans
740 235 852 272 vesteS.

143 293 177 327 Si
205 304 284 327 vero
315 291 390 326 diua
425 290 502 325 luna
528 292 559 323 in
591 288 683 336 spicis

141 342 299 378 Astraeae
326 344 461 391 vhginis
490 340 639 375 venustae
673 337 834 388 splendet,

38 407 101 441 εις.
127 393 274 430 Viduam
301 396 384 428 mihi
411 392 539 427 videtur
565 403 644 427 tunc
670 394 874 426 conueniens
901 400 1044 435 vxorem
1067 391 1231 439 accipere,=

121 448 318 494 -Virginem
342 454 422 479 vero
450 447 570 484 vitare,
597 441 874 478 laboriosaenim
900 443 986 483 vita,
1012 441 1191 490 postquam

138 498 224 532 Eam
251 499 428 545 acceperit,
454 498 587 530 maritus
614 494 795 537 satiabitur,
829 496 865 537 in
892 493 1048 529 omnibus
1075 492 1195 529 damna
1221 499 1334 532 erunt.'

136 549 251 597 Qum
275 560 353 583 vero
382 551 416 582 in
443 546 611 581 cli-:lasum
639 547 766 581 lumine
794 543 954 593 splendet,

137 601 313 647 Virginem
341 608 440 634 aetate
466 598 603 633 iuuenili
631 597 790 634 conducit
814 599 851 633 in
878 595 1019 632 domum
1050 592 1143 633 suam
1170 593 1348 645 deducere.-

36 661 105 688 120.
139 651 235 687 Vtilis
263 663 406 699 namque
433 664 469 685 ae
496 647 684 685 amicissima
714 651 784 684 erit.

135 701 194 746 [if]
231 702 331 749 Saepe
358 703 448 736 enirn
474 700 519 736 fic
546 699 633 736 fidus
659 699 739 735 trifii
765 699 821 735 sub
848 698 1033 735 necestitate

139 754 277 788 Lectum
305 752 517 800 coniugalem
542 751 674 788 induxit
701 754 843 787 noxium
880 765 917 787 ae
943 748 1119 786 nefarium.

136 805 172 839 Si
198 816 277 838 vero
305 803 345 839 fit
371 803 493 838 nobilis
520 804 627 847 (luna)
655 805 744 839 iuxta
769 802 967 852 grandinem
994 800 1156 838 ferentem

136 856 314 903 Scorpium
344 854 462 891 dolore
490 854 704 896 afficientem,
739 865 818 890 tunc
840 857 947 903 prima
971 856 1101 903 nuptias
1128 850 1290 895 contrahe

122 901 214 942 ‘Luce
236 918 312 941 cum
339 908 486 954 virgine,
512 919 590 942 nam
616 909 789 955 ingenium
816 910 896 941 mite
923 906 1067 947 habebit,

136 959 263 995 Mentis
291 961 435 1006 integra,
461 956 599 1006 placidis
624 956 798 994 confidens
822 956 1035 1006 praecordiis.

137 1010 174 1044 Si
201 1021 280 1044 vero
308 1005 488 1045 secundum
516 1019 571 1043 aut
598 1011 729 1044 tertium
757 1008 846 1045 diem
871 1007 1002 1057 dirigat,

139 1062 238 1096 Certe
264 1070 296 1094 et
323 1073 401 1096 cum
427 1060 555 1095 ancillis
586 1059 710 1095 miseris
736 1073 857 1109 corpus
883 1058 1041 1096 miscebit.

136 1113 252 1160 Qum
279 1124 357 1147 vero
385 1112 464 1147 luna
491 1113 525 1146 in
552 1114 671 1146 vicinia
698 1111 744 1146 est
769 1111 886 1156 inclyti
914 1114 1113 1159 capricorni,

33 1173 103 1206 130.
130 1164 263 1210 Nuptiis
290 1165 401 1210 primo
430 1159 483 1195 die
510 1161 650 1196 tristitias
684 1161 779 1196 affert
805 1171 902 1209 atque
929 1161 1082 1197 horridas
1109 1168 1229 1200 noxasg

136 1214 171 1247 Si
198 1225 276 1248 vero
303 1209 466 1253 secundo,
493 1214 544 1247 vir
570 1211 747 1250 meliorem
773 1211 905 1246 habebit
927 1211 1066 1257 lectum,

134 1270 202 1302 Aut
229 1263 365 1299 viduam
391 1260 610 1311 consequetur
636 1257 816 1298 iucundam
842 1275 992 1300 vxorem.

135 1315 217 1352 Noli
246 1318 279 1349 in
305 1313 529 1362 congressibus
555 1314 724 1360 lunaribus
753 1312 874 1349 ducere

136 1370 288 1403 onrem
315 1369 348 1400 in
375 1363 537 1407 domum,
564 1376 619 1400 aut
644 1368 677 1399 in
704 1364 909 1413 pleniluniis,

36 1427 99 1463 135.
124 1420 213 1454 Nam
240 1420 374 1467 nuptiae
400 1417 451 1451 his
478 1416 592 1452 diebus
620 1429 690 1451 non
714 1426 811 1451 erunt
830 1416 1022 1465 proficuae:

135 1467 305 1518 Inspena,
332 1468 357 1504 ss
384 1481 461 1505 cum
488 1469 584 1503 bonis
609 1467 698 1503 assi-is
726 1471 977 1515 circumagatur,

135 1521 199 1556 Vel
225 1533 302 1556 cum
329 1520 456 1566 inclyto
484 1521 584 1560 Ioue,
612 1518 664 1554 vel
689 1532 767 1553 cum
794 1516 991 1567 phosphoro
1015 1517 1161 1562 lucente}

136 1572 200 1608 Vel
227 1575 325 1607 etiam
353 1584 430 1606 cum
457 1568 608 1620 glorioso
637 1569 710 1605 filio
738 1572 860 1611 Maiae,
886 1570 1064 1619 pulchrum
1089 1571 1228 1620 peplum
1254 1571 1425 1608 habentis:

134 1625 222 1660 Nam
249 1621 346 1658 faciet
375 1626 475 1658 viram
500 1619 596 1656 valde
623 1620 806 1670 gloriosam
833 1621 1052 1671 hilaremque,

35 1686 106 1720 140.
133 1675 330 1711 Pulchra-et
359 1673 546 1713 domicilia,
574 1687 611 1708 ac
638 1671 790 1707 blandam
818 1671 1028 1714 suauitatem,
1055 1671 1155 1710 dabit.

131 1728 234 1764 Nunc
259 1738 340 1761 vero
368 1724 444 1760 ades
465 1726 547 1759 mihi
569 1723 679 1772 puella
707 1723 887 1771 Pimpleia,
915 1737 995 1759 cane
1021 1723 1130 1770 Musa,

137 1781 230 1828 Qot
257 1776 320 1813 fert
347 1779 452 1826 aegris
479 1773 698 1811 medicamina
726 1773 803 1809 diua
828 1775 919 1816 luna,

137 1833 231 1879 Qot
253 1841 370 1879 graues
394 1828 539 1873 (morbi)
568 1824 657 1867 sunt,
685 1829 721 1861 in
747 1825 848 1874 signis
874 1826 955 1861 dum
983 1829 1083 1862 currit

134 1879 345 1921 Duodecim,
380 1877 421 1914 ad
446 1881 625 1913 terminum
652 1889 753 1926 vsque
778 1877 923 1914 multum
949 1875 1164 1914 aerumnosae
1190 1879 1284 1914 vitae.

39 1943 101 1978 145.
136 1935 170 1968 Si
197 1935 287 1967 enim
314 1943 416 1966 verno
445 1932 481 1963 in
505 1928 607 1964 fidere
633 1931 740 1964 arietis

137 1983 302 2024 Omnibus
329 1993 486 2030 apparens
514 1982 751 2028 circumagitur
775 1978 850 2015 diua
875 1980 967 2022 luna,

142 2038 295 2084 Qisquis
319 2033 442 2068 morbo
471 2034 647 2079 corripitur
674 2028 847 2071 doloroso,

139 2085 319 2122 Moieiiam
343 2087 398 2133 qui
422 2081 532 2122 habet
547 2096 658 2118 curam
685 2085 787 2116 menti
813 2084 965 2126 noxiam,

138 2141 281 2187 Oportet
304 2135 507 2185 exspectare,
533 2147 610 2170 nam
633 2131 784 2170 medicus
811 2131 899 2170 sanat
922 2135 1085 2173 homines

16 878 100 965 Ὧς.

921 2237 982 2272 T*
1006 2248 1024 2271 ²
1636 2259 1700 2291 150.
1729 2251 1760 2284 Si
