2023 2656
36 161 376 217 voi-v111-p-q2vr439
523 134 525 136 ’
689 159 752 196 DE
777 158 1123 197 ELsscTionvs.

137 261 277 307 Oportet
292 267 400 292 autem
416 253 520 306 sagaci
533 265 644 291 mente
657 259 724 291 iam
746 253 927 297 obseruare,

132 311 222 357 Nam
235 307 259 344 fi
276 307 411 356 quidem
427 308 538 343 lunam
562 321 673 344 cernas
693 306 811 348 solam,

33 372 107 406 390.
133 361 214 395 Non
231 357 324 395 affert
338 362 466 395 homini
486 357 619 406 fugam,
654 372 777 394 vanum
794 369 871 393 vero

87 411 91 415 ’
128 409 273 445 Adducit
289 408 387 459 fugae
403 421 560 446 conatum
578 412 662 446 hanc
677 411 729 446 vel
746 410 836 445 illam
855 407 1032 444 declinanti
1047 402 1195 444 semitam

129 464 237 509 Prope
251 463 370 496 heriles
384 461 477 497 aedes
493 472 525 496 et
545 459 741 496 familiarem
765 460 917 496 domum.

126 514 160 548 Si
177 525 257 547 vero
271 513 356 547 alma
370 514 447 548 luna
459 526 537 548 curn
561 512 650 548 stella
672 510 802 548 occidat

129 565 239 611 Qam
259 574 421 599 errantem
435 567 613 599 nominant
630 566 664 598 iu
683 573 766 601 terra
780 564 943 598 humanae
957 572 1084 612 gentes,

29 624 98 660 395.
124 616 268 650 Vlterius
283 614 418 662 quidem
435 612 577 650 famulus
595 617 682 649 viam
699 613 831 663 diriget,

127 667 268 713 Fugiens
286 668 354 700 heri
368 669 450 702 rixas
467 680 504 701 ac
526 665 700 702 molestam
714 662 999 701 vociferationem.

125 718 217 752 Luna
241 729 318 751 vero
334 729 471 752 cornuta
489 720 594 752 vicina
610 717 634 753 si
660 716 699 752 fit
713 719 854 752 Saturno

127 767 190 802 Vel
204 769 307 802 Marti
322 771 451 817 ignito,
480 766 594 818 fugam
612 772 745 805 inanem
767 768 900 804 habebit

0 792 1 841 l
103 828 108 831 ’
125 819 264 861 seruus,
289 823 378 855 vanis
399 818 512 868 spebus
527 818 693 869 gaudens:

0 854 1 910 l
27 879 104 919 400.
129 871 245 904 Statim
265 873 352 906 enim
366 866 409 905 'ad
430 869 570 906 domum
586 873 725 907 vinculis
739 870 933 906 constrictus
949 869 1088 907 horrida
1103 875 1194 908 noxa

124 922 275 970 Cogetur
290 926 319 957 vi
336 922 466 957 adactus
484 926 583 957 vitam
598 921 791 958 aerumnose
813 920 943 958 ducere.

124 973 159 1006 Si
180 985 257 1008 vero
277 976 366 1008 Iouis
390 977 472 1022 regis
489 973 555 1008 siue
570 975 672 1010 castae
689 976 824 1009 Veneris

121 1023 272 1072 vestigiis
291 1027 454 1060 inhaereat
470 1027 586 1060 Theae
602 1026 681 1066 filia,
699 1023 873 1073 splendore
887 1025 985 1065 clara.

22 1103 34 1117 ⁴
123 1075 228 1109 Tunc
243 1076 405 1111 occultam
423 1074 538 1124 fugam
554 1074 691 1111 feliciter
705 1079 810 1123 capiat

21 1135 96 1171 405.
123 1127 293 1174 Fugitiuus
310 1125 416 1162 seruus
433 1126 570 1174 passibus
585 1130 688 1162 citatis
713 1125 824 1162 fretus.

122 1178 236 1213 Modo
256 1192 297 1212 ne
313 1189 389 1212 tunc
414 1177 580 1212 scelestum
601 1182 633 1212 in
651 1181 800 1213 animum
822 1175 955 1212 inducat

122 1230 189 1264 Res
204 1227 358 1276 pretiosas
376 1228 504 1263 domini
523 1239 555 1263 vt
571 1226 714 1269 auferat,
742 1240 819 1262 nam
845 1225 922 1262 effet

119 1280 253 1326 Duplex
271 1278 428 1314 damnum
444 1291 476 1314 et
498 1293 606 1315 rerum
624 1277 812 1314 amissarum

118 1331 160 1365 Et
176 1343 317 1379 nequam
336 1328 492 1379 fugientis
508 1330 607 1366 serui:
634 1344 749 1366 verum
767 1341 797 1364 te
813 1331 945 1375 hortor,

21 1393 94 1426 410.
122 1383 318 1417 Memineris
335 1385 369 1417 in
387 1381 519 1417 aedibus
536 1380 622 1418 ferre
643 1392 675 1417 et
690 1389 796 1430 aequa
809 1391 921 1416 mente
945 1379 1085 1417 tolerare

122 1435 273 1469 Noxium
290 1430 454 1468 furtiuum
468 1433 642 1472 damnum:
664 1436 824 1482 quoniam
846 1431 984 1480 pedibus
1009 1431 1207 1482 persequens

123 1485 218 1520 Nihil
235 1485 408 1525 obtinebis,
435 1484 557 1520 etiamsi
576 1484 674 1534 pedes
690 1485 806 1519 habeas
823 1484 971 1525 celebris,

122 1537 293 1585 Europam
314 1539 370 1585 qui
387 1535 527 1578 abstulit,
543 1540 638 1582 tauri,
666 1549 766 1586 quem
781 1539 815 1571 in
831 1534 1002 1571 resonante
1025 1539 1109 1572 mari

120 1588 282 1623 Celeriter
297 1601 408 1622 cucur1
418 1585 472 1622 isse
488 1591 580 1624 aiunt
600 1587 737 1624 humida
752 1592 829 1622 cum
843 1584 985 1623 ferretur
1005 1590 1058 1623 via
1068 1603 1078 1623 :

20 1638 76 1687 [ff]
98 1650 166 1684 415.
194 1641 330 1688 Neque,
356 1638 380 1674 fi
405 1640 459 1673 tibi
474 1636 573 1675 essent
591 1639 648 1676 alis
663 1639 816 1675 instructa
831 1648 922 1687 terga

0 1690 1 1694 ’
120 1691 239 1740 Qalia
257 1689 314 1725 suo
328 1690 449 1725 Boreae
464 1694 529 1725 nati
549 1692 712 1727 habebant
725 1693 761 1725 in
779 1703 933 1738 corpore,

111 1744 215 1791 rQos
228 1740 365 1791 grauida
381 1739 465 1776 faeta
484 1739 588 1777 facilis
613 1745 739 1790 peperit
756 1744 910 1788 Orithyia

119 1793 266 1842 Qando
282 1792 404 1827 castum
421 1794 562 1828 chorum
576 1792 617 1828 ad
632 1791 724 1830 Eliffi
741 1793 863 1829 fluenta

0 1890 1 1894 Ἰ
119 1847 394 1893 Componentem
413 1846 530 1880 Boreas
548 1848 653 1893 rapuit
673 1846 794 1893 procul
811 1859 830 1880 a
846 1855 931 1881 terra

20 1908 95 1942 420.
122 1898 228 1932 Attica
238 1897 445 1943 nubibusque
459 1909 518 1943 per
533 1897 664 1931 coelum
680 1895 808 1936 detulit,

118 1951 240 1986 Donec
255 1944 296 1980 ad
311 1948 476 1982 Thraciae
495 1945 630 1982 niuosae
649 1945 849 1995 perduxisset
875 1955 976 1983 antra.

122 1999 216 2036 Nihil
232 1996 398 2046 proderit,
432 2000 530 2033 etiam
546 1998 624 2034 licet
638 1998 767 2046 Iphiclo
783 1997 823 2034 sis
843 1998 1003 2040 velocior,

122 2052 189 2098 Qi
205 2049 300 2098 super
316 2052 468 2084 extremis
487 2047 625 2098 frugum
639 2050 786 2084 currebat
808 2049 927 2089 aristis,
953 2063 1016 2085 nec
1036 2047 1162 2087 fruetus

6 2140 8 2148 γ
117 2101 296 2141 Laedebat‚
325 2100 410 2135 leuia
428 2102 574 2135 membra
584 2098 695 2148 =ferens
710 2099 804 2148 super
829 2099 925 2136 ssccas
947 2099 1082 2151 segetes,

5 2154 92 2201 1425.
118 2155 150 2202 Sj
166 2165 245 2188 vero
260 2163 398 2187 cornuta
412 2151 493 2187 luna
509 2165 586 2187 cum
602 2151 781 2200 conspicuo
798 2153 971 2188 Mercurio
990 2151 1130 2194 incedat,

119 2207 243 2241 Seruus'
254 2206 373 2239 noxius
388 2216 459 2240 non
474 2200 632 2253 effugiet,
657 2201 713 2240 sed
730 2217 830 2254 quain
855 2203 1025 2241 celerrime

70 2297 138 2331 Vol.
161 2296 221 2329 IX.
945 2289 974 2324 X
996 2302 1016 2324 X

1386 136 1459 199 Lib.
1474 161 1518 200 Vt
1534 157 1654 201 elmi.
1707 168 1766 209 345

1586 2294 1753 2343 Reperio&
