2023 2656
220 134 284 173 268
336 132 409 168 Lib.
421 129 468 167 V.
483 127 622 166 c.XJX.

905 126 1096 164 MARCVS
1124 125 1341 162 EREMITA

1613 117 1764 167 QVIR·
1777 127 1804 153 P·
1813 118 1943 151 3⁴9P350
1977 125 1984 161 2

224 225 309 261 lium
331 226 362 259 S.
379 223 469 265 Nili,
495 222 622 259 collatis
642 233 718 259 cum
733 221 833 257 tribus
847 221 943 257 MSS.
962 217 1224 268 exemplaribuS,
1251 225 1282 253 et
1300 213 1631 265 schoiiis'adpofitis.,
1655 214 1841 251 Florentiae
1863 209 1950 261 apud

225 274 520 312 bartholomaeum
532 273 817 310 .Sermaterelliuxn
838 279 925 318 1578.
947 277 980 311 8.
1031 268 1191 306 Eiusdem
1214 267 1271 315 [lf]
1296 266 1463 304 Diadochi
1488 267 1646 308 homilia,
1674 278 1774 314 quam
1787 271 1953 300 memorat

228 326 389 366 Alienus,
418 335 449 360 et
464 325 657 362 Holstenius
674 323 770 361 edere
783 324 909 364 voluit,
936 325 972 358 in
993 321 1189 357 CHRISTI
1216 317 1472 364 adscensionem,
1496 321 1627 367 incipit:
1654 319 1736 367 φέρε
1752 333 1806 363 μοι
1820 316 1874 354 νῦν
1888 311 1954 353 ‘reis

230 374 413 426 ἱερωτικὲς,
434 376 537 427 ἶεξὲἳς.
566 378 671 416 Fabr.
704 373 805 425 =conf.
831 371 937 417 infra,
964 372 1034 409 vol.
1061 373 1118 409 lx.
1152 383 1228 421 pag.
1252 373 1308 417 96.
1341 384 1391 407 nr.
1417 373 1474 407 Xl.
1508 379 1571 406 vet.
1597 367 1648 404 ed.
1674 371 1760 404 inter
1787 367 1898 416 elogia
1924 372 1957 399 et

230 430 288 464 vit.
309 429 415 467 Sc‘tor.
441 428 546 476 ‚Harl

399 529 480 565 Illos
496 530 602 566 Marci
618 526 749 564 libellos
767 524 919 563 asceticos
935 529 1116 561 etiamnum
1131 524 1310 567 habemus,
1336 533 1474 571 excepto
1497 522 1632 563 vltimo.
1666 524 1722 572 qui
1746 522 1901 556 haetenus
1924 520 1959 553 in

232 578 350 620 lucem¹
361 593 432 616 non
447 579 491 614 est
507 579 662 628 prolatus.
691 582 736 621 qq)
789 577 899 613 Exstat
915 589 1023 612 autem
1038 578 1112 611 MS.
1126 575 1213 624 apud
1227 576 1367 612 Galeum
1384 574 1490 622 λέγοι·
1506 576 1550 612 εἰς
1573 573 1630 612 τὸν
1651 567 1889 619 Μελχισεδέκ.
1914 570 1961 616 [v-

235 629 341 674 infra,
369 631 439 666 vol.
460 633 514 666 IX.
537 644 569 678 p.
586 641 656 674 445.
670 639 731 664 vet.
750 627 817 672 ed.]
869 630 978 664 Ceteri
994 625 1069 662 editi
1084 625 1174 667 sunt,
1203 625 1256 662 sed
1271 628 1338 661 alio
1362 626 1498 667 ordine,
1526 639 1626 674 quam
1643 639 1660 659 a
1678 626 1799 660 Photio
1812 620 1960 657 referun-

237 693 309 723 tur,
330 684 615 731 praemittitur-quc
629 680 693 716 illis
713 683 882 728 prooemii
896 680 994 719 loco,
1022 676 1114 726 quod
1125 680 1234 712 Marci
1255 690 1325 712 non
1345 675 1406 716 est,
1440 689 1549 724 neque
1573 690 1593 712 a
1616 677 1736 713 Photio
1756 673 1963 723 agnoscitur3

238 731 293 771 sed
313 733 357 768 est
372 745 444 781 pars
466 733 625 769 homiliae
640 743 688 775 37.
705 733 742 778 ,8.
757 733 917 770 Macmii,
945 738 978 764 vt
990 743 1008 764 a
1021 728 1134 763 multis
1151 731 1219 763 iam
1239 724 1304 762 fuit
1320 725 1525 762 adnotatum.

294 827 317 853 1.
351 818 407 854 De
422 816 576 863 paradis-‘b
594 824 623 851 ct
637 817 702 864 lege
715 815 881 862 spiritali,
923 816 1027 862 capita
1049 812 1117 848 fiue
1138 810 1315 847 sententiae
1331 822 1407 845 200.
1460 812 1554 846 Haec
1581 823 1658 846 cum
1676 812 1843 846 Vincentii
1859 805 1964 857 Opso-

342 872 422 916 poei
443 866 592 903 versione
605 867 762 915 leguntur
781 869 815 900 in
839 865 1133 912 micropresbytico
1153 861 1248 899 Basil.
1267 874 1352 908 1550.
1376 874 1408 911 p.
1425 863 1498 904 263.
1524 864 1604 897 etin
1617 864 1731 911 priore
1753 859 1966 896 orthodoxo-

346 919 553 968 graphorum
568 916 734 959 editione,
760 915 852 952 Basil.
872 925 948 960 1555.
971 928 1005 963 p.
1019 917 1091 958 568.

300 1016 331 1040 2.
358 1004 414 1040 De
428 1003 496 1044 liis,
523 1004 577 1050 qm·
586 1009 720 1049 putant,
737 1014 775 1037 cx
790 1002 934 1047 open-ihm·
944 998 985 1046 se
1007 997 1189 1045 iustificari,
1220 1000 1324 1046 capita
1347 1009 1410 1036 211.
1444 996 1525 1032 Istos
1543 994 1629 1032 duos
1644 995 1785 1033 *libellos
1804 1008 1921 1046 graece
1940 1004 1972 1030 et

347 1055 450 1092 latine
463 1066 539 1089 cum
554 1052 704 1088 versione
721 1051 773 1088 sua
788 1050 889 1087 edidit
910 1051 1098 1087 Vincentius
1113 1048 1315 1095 Opsopocus‚
1342 1051 1525 1097 Hagenoae
1542 1059 1621 1092 1531.
1642 1053 1673 1087 8.
1700 1058 1796 1096 atque
1820 1045 1972 1083 emenda·

352 1109 416 1141 tius
435 1107 572 1140 Ioannes
588 1118 608 1139 a
623 1105 760 1146 Fuclzte,
787 1101 927 1138 Helmst.
944 1103 1034 1136 1616.
1063 1100 1120 1146 [al.
1139 1100 1241 1144 ¹617]
1268 1108 1298 1140 8.
1325 1099 1460 1140 dolens,
1494 1099 1553 1135 fibi
1574 1098 1613 1134 ad
1636 1105 1751 1134 manus
1771 1097 1859 1135 haud
1875 1095 1973 1133 fuiss'e

352 1155 535 1193 editionem
549 1168 702 1205 graecam
717 1157 815 1194 Paris,
831 1164 913 1198 1513·
939 1151 1105 1189 Libellum
1119 1151 1358 1201 posteriorem,
1392 1163 1460 1200 quo
1481 1159 1548 1186 tam
1568 1150 1732 1200 praeclare
1751 1149 1792 1187 de
1811 1149 1973 1185 beneficio
1989 1171 1997 1177 ⁴

299 1341 364 1384 qq)
403 1339 486 1373 Editi
515 1341 616 1383 postea
644 1339 711 1371 sunt
739 1338 846 1370 Marci
870 1337 1030 1381 sermones
1058 1335 1095 1368 de

254 1385 366 1415 ieiunio
390 1389 418 1416 et
443 1384 478 1415 a'e
500 1381 734 1425 Melchisedech,
757 1383 809 1424 qui
831 1380 982 1422 deperditi
1001 1384 1094 1419 puta-

255 1427 389 1463 bantur,
419 1436 496 1457 nunc
524 1427 659 1466 primum
691 1436 756 1456 cum
784 1426 884 1456 latina
910 1425 1093 1462 interpreta-

256 1471 337 1501 tione
367 1478 387 1500 a
408 1467 606 1510 Baltlzaffizre
634 1468 746 1500 Maria
775 1466 958 1500 Remondim·
988 1465 1020 1495 in
1049 1465 1093 1495 lu-

256 1523 317 1543 cem
335 1512 464 1553 prolati.
487 1515 619 1548 Romae,
643 1522 677 1542 ex
699 1519 819 1552 typogr.
843 1515 952 1541 Ancon.
976 1507 1014 1537 de
1035 1510 1092 1538 Ru-

256 1557 332 1585 beis.
357 1561 440 1593 1748.
462 1565 491 1591 4.
516 1556 562 1590 (in
587 1561 614 1588 8.
637 1556 745 1584 citatur
766 1555 798 1583 in
814 1552 889 1583 bibl.
908 1550 1013 1581 selecta
1028 1551 1093 1580 hist.

259 1597 331 1628 eccl.
355 1600 394 1628 V.
418 1604 447 1627 et
479 1600 519 1628 N.
543 1599 586 1628 T.
617 1600 725 1628 Venet.
757 1601 842 1634 1776.
872 1601 896 1628 8.
926 1604 994 1636 mg.
1017 1593 1096 1632 336.)

259 1639 343 1671 Calci
372 1639 505 1670 adiectae
537 1637 605 1669 funt
634 1638 750 1680 aliquot
783 1637 911 1667 editoris
933 1635 1096 1665 obseruatt.

259 1698 303 1706 -
331 1684 376 1712 De
405 1683 529 1717 Marco,
552 1681 699 1717 eremita,
735 1680 854 1710 diuerso
884 1690 901 1709 a
923 1678 1096 1713 Diadocho‚

260 1723 365 1766 paullo
389 1733 458 1754 ante
481 1726 547 1761 egi,
583 1732 612 1753 et
635 1725 760 1760 notaui,
791 1722 950 1753 Oudinum
981 1719 1099 1760 aliquot

263 1765 353 1796 codd.
377 1768 436 1796 iam
460 1766 650 1802 recensuisse,
673 1766 780 1807 quibus
804 1762 1024 1794 nonnullorum
1049 1760 1099 1790 ad—

262 1808 327 1838 didi
350 1811 508 1845 notitiam,
532 1808 668 1850 aliosque
687 1809 736 1838 hie
754 1807 944 1837 memorabo.
971 1808 1006 1836 In
1029 1802 1098 1834 cod.

268 1851 321 1883 Th.
344 1851 421 1882 Gale
445 1854 492 1881 CI.
513 1851 535 1882 s.
566 1852 598 1880 in
621 1850 710 1881 catal.
739 1849 807 1879 cod.
836 1848 962 1886 Angliae
985 1850 1023 1877 ΙΙ.
1053 1857 1099 1876 nr.

263 1901 340 1932 5935.
362 1893 428 1923 sunt
451 1892 614 1930 Diadecffl,
637 1903 682 1932 ep.
707 1892 883 1932 Carpathii,
900 1901 984 1931 capp.
999 1889 1102 1919 asceti-

265 1947 300 1966 ca
323 1947 389 1966 cum
412 1935 637 1977 prolegomenis
652 1943 681 1965 et
698 1934 839 1968 scholiis;
861 1935 994 1963 eiusdem
1013 1941 1102 1972 quae-

266 1980 376 2008 stiones
396 1987 425 2008 et
454 1978 677 2019 responsiones,
706 1976 840 2007 eiusdem
861 1977 955 2008 vifio;
984 1974 1102 2010 Marci,

268 2019 419 2056 monachi,
439 2030 526 2061 capp.
549 2019 587 2049 de
609 2021 744 2058 ingenito
766 2027 797 2049 et
816 2020 924 2057 genitis
936 2018 957 2047 s.
975 2016 1012 2046 de
1028 2018 1104 2058 phy-

268 2063 395 2100 fiologia
417 2062 562 2095 ascetica;
583 2073 669 2104 capp.
693 2062 838 2095 moralia3
869 2071 954 2102 capp.
978 2059 1014 2088 de
1037 2069 1105 2089 ora-

266 2107 372 2138 tione3
389 2116 477 2146 capp.
502 2105 650 2141 gnostica3
671 2114 759 2146 capp.
783 2102 819 2133 de
844 2105 962 2133 afflone
986 2109 1014 2131 et
1031 2112 1103 2131 con-

267 2147 465 2188 templatione
488 2146 657 2188 spirituali,
687 2155 777 2187 atque
805 2145 865 2176 alia
887 2144 1033 2186 quaedam
1055 2153 1102 2173 ca-

270 2192 349 2231 pita:
372 2191 475 2219 omnia
497 2188 620 2228 quidem
643 2189 752 2219 collata
775 2200 843 2218 cum
863 2188 924 2218 alio
947 2186 1016 2218 cod.
1040 2188 1102 2216 MS.

267 2239 333 2262 'tum
356 2234 388 2261 in
412 2230 479 2261 cod.
503 2234 568 2261 CII.
592 2233 651 2261 fine
683 2242 729 2261 nr.
761 2231 847 2261 catal.
873 2235 954 2268 5936.
984 2229 1103 2264 Marri,

272 2275 426 2308 monachi,
445 2272 551 2313 sermo
573 2274 609 2304 de
637 2273 846 2314 Affdcldfideu
875 2271 969 2303 eiusd.
997 2271 1102 2312 opusc.

273 2315 311 2347 de
332 2318 485 2358 ,vitiorum
514 2322 544 2346 ct
573 2317 718 2348 virtutum
748 2317 950 2359 oppositione.
971 2330 1022 2358 ‚:·-,··
1064 2317 1102 2346 ln

1895 1200 1974 1238 DEI

1146 1336 1220 1367 bibl.
1248 1335 1366 1368 Bodlei.
1400 1335 1520 1367 secund.
1550 1345 1608 1368 cat.
1640 1338 1692 1368 cit.
1717 1340 1742 1368 Ι.
1770 1348 1817 1367 nr.
1845 1346 1913 1376 737.
1941 1337 1973 1368 in

1146 1379 1214 1409 cod.
1237 1379 1336 1410 Laud.
1359 1379 1456 1409 sermo
1480 1380 1511 1410 iu
1533 1378 1756 1422 Melchisedech,
1780 1391 1847 1410 cum
1863 1380 1975 1422 septem

1146 1421 1213 1451 aliis
1236 1423 1333 1453 Marci
1356 1421 1553 1451 sermonibus.
1582 1438 1624 1446 ——
1675 1423 1813 1454 Venetiis
1842 1425 1875 1453 iu
1903 1421 1978 1453 bibl.

1146 1467 1242 1494 Marc.
1271 1463 1341 1494 cod.
1370 1465 1515 1495 CXXXII.
1544 1464 1611 1495 sunt
1631 1465 1729 1496 libelli
1757 1465 1851 1507 editi,
1885 1475 1903 1494 a
1923 1467 1979 1497 Fa-

1145 1508 1245 1537 bricio
1266 1505 1409 1540 indicati;
1445 1506 1495 1536 sed
1517 1506 1578 1537 alio
1601 1507 1726 1542 ordine;
1756 1516 1909 1550 praeterea
1932 1519 2000 1538 nr..

1146 1560 1176 1587 9.
1207 1547 1290 1585 λόγος
1319 1554 1425 1580 contra
1454 1548 1744 1591 Metclujfedechitas.
1789 1550 1874 1581 Idem
1902 1549 1979 1581 ibid.

1148 1595 1179 1622 in
1210 1591 1279 1622 cod.
1309 1595 1467 1623 CXXXIII.
1500 1604 1567 1623 cum
1596 1593 1662 1624 aliis
1698 1594 1746 1624 sex
1780 1594 1979 1630 sermonibus,

1149 1646 1177 1664 n.
1209 1645 1258 1675 ap.
1283 1635 1453 1664 Fabricium
1483 1647 1528 1666 nr.
1557 1645 1581 1672 3.
1614 1647 1636 1667 1.
1665 1648 1694 1667 2.
1719 1645 1746 1674 5.
1777 1643 1804 1670 8.
1835 1644 1864 1667 et
1886 1646 1916 1675 7.
1950 1647 1979 1665 v.

1149 1684 1206 1707 eat.
1230 1676 1319 1706 codd.
1349 1687 1394 1713 gr.
1417 1680 1512 1708 Marc.
1546 1690 1577 1719 Ρ.
1603 1683 1653 1716 76.
1682 1688 1712 1710 et
1734 1689 1786 1718 77.
1814 1696 1854 1703 —
1900 1677 1981 1709 Ibid.

1149 1721 1182 1749 in
1205 1718 1272 1748 cod.
1294 1719 1441 1750 Naniano
1463 1723 1584 1751 CXXII.
1607 1721 1704 1752 sermo
1727 1723 1764 1751 de
1781 1723 1979 1763 poenitentia.

1150 1777 1193 1784 —-
1215 1760 1382 1791 becundum
1403 1761 1576 1802 llffontfauc.
1606 1764 1680 1794 bibl.
1705 1765 1829 1796 Coislin·
1859 1772 1903 1805 p.'
1918 1773 1982 1802 199.

1150 1806 1183 1834 in
1203 1803 1271 1833 cod.
1292 1806 1426 1834 CXXIII.
1449 1805 1546 1835 sermo
1570 1811 1677 1837 contra
1704 1805 1983 1849 Melchffedechitas

1152 1857 1219 1876 cum
1247 1845 1313 1875 aliis
1346 1847 1416 1876 0610
1446 1847 1515 1878 libr.
1550 1859 1658 1890 nempe
1680 1861 1725 1880 nr.
1751 1860 1774 1881 1.
1798 1860 1827 1881 Δ..
1850 1859 1877 1886 3.
1899 1860 1930 1887 4.
1953 1857 1981 1886 ς.

1154 1895 1180 1922 8.
1204 1899 1232 1926 7.
1254 1894 1282 1919 6.
1307 1896 1335 1918 et
1358 1889 1474 1930 saepius
1500 1890 1568 1920 loca
1590 1902 1624 1922 ex
1647 1896 1753 1924 Marco
1777 1893 1927 1922 monacho
1949 1895 1982 1923 in
2021 1920 2023 1924 ,

1154 1931 1221 1961 aliis
1243 1930 1332 1961 codd.
1356 1931 1482 1962 Coislin.
1511 1933 1599 1974 supra
1629 1935 1666 1964 ad
1695 1935 1884 1966 Diadochmn
1913 1938 1986 1966 cita-

1155 1976 1201 2006 tis.
1224 1990 1265 1997 —
1308 1975 1418 2006 Paris.
1441 1977 1473 2005 in
1496 1976 1570 2006 bibl.
1600 1978 1681 2018 publ.
1714 1988 1759 2008 nr.
1783 1988 1807 2008 1.
1830 1979 1871 2008 ‘in
1897 1981 1984 2019 quin-

1155 2027 1214 2056 que
1239 2015 1328 2046 codd.
1355 2028 1399 2047 nr.
1422 2029 1453 2055 4.
1477 2026 1505 2047 et
1526 2027 1553 2056 5.
1582 2020 1614 2048 in
1644 2021 1738 2050 tribus
1769 2019 1861 2051 codd.
1890 2032 1936 2053 nr.
1960 2030 1987 2057 ς.

1154 2069 1183 2090 2.
1209 2063 1238 2090 6.
1262 2069 1290 2096 7.
1321 2067 1350 2088 et
1371 2061 1403 2089 in
1426 2059 1492 2089 cod.
1523 2063 1706 2094 MXXXVIL
1737 2074 1781 2094 nr.
1805 2073 1830 2100 3.
1863 2074 1986 2105 quoque

1155 2104 1187 2131 in
1221 2100 1289 2130 cod.
1318 2104 1481 2132 CCCLXII.
1517 2110 1546 2133 et
1581 2114 1626 2133 nr.
1665 2112 1689 2139 8.
1725 2108 1815 2135 etiam
1851 2108 1884 2136 in
1916 2106 1985 2138 eod.

1153 2146 1341 2174 MCLXXXI.
1362 2160 1405 2167 v·-
1428 2145 1627 2177 Vindobonae
1637 2149 1670 2178 in
1684 2148 1754 2179 cod.
1770 2151 1986 2181 ccxxxvm.

1155 2196 1200 2215 nr.
1234 2194 1274 2222 ις.
1303 2194 1442 2227 excerpta
1472 2199 1507 2218 ex
1535 2189 1642 2221 Marci
1670 2202 1762 2222 erem.
1797 2191 1985 2223 sermonibu·

1154 2230 1343 2258 catechcticis
1377 2229 1416 2259 ad
1455 2229 1618 2271 discipulos
1653 2233 1732 2267 suot.
1778 2245 1809 2268 v·
1843 2233 1986 2268 lambec·

1155 2281 1265 2305 comm.
1289 2274 1326 2302 V·
1348 2283 1379 2314 Ρ.
1402 2282 1471 2312 209.
1515 2274 1610 2308 Harl.
