2023 2656
78 169 362 218 Vei-rsaziffl
491 154 977 209 1s‘1D0R1PELvsioTAE
1003 172 1268 210 ErisToLAE.
1369 175 1695 214 Lib.V'.c.XXXI.
1750 186 1813 223 433

76 262 180 301 libros
195 267 226 301 S.
245 266 432 315 Scripturae
445 280 514 303 non
540 265 632 302 editis
648 264 772 308 modo,
799 265 851 303 sed
869 277 900 303 et
915 266 996 309 illis,
1026 280 1110 316 quae
1135 266 1276 304 ineditae
1301 271 1335 305 in
1354 270 1527 316 Caesarea,
1554 275 1592 316 ⁴)
1617 270 1807 315 Bodleian,

77 317 280 352 Coisliniana
298 329 328 353 et
347 319 416 353 aliis
435 320 641 354 bibliothecis
657 316 889 361 adstruamus,
916 332 976 354 nec
993 332 1062 355 non
1081 321 1114 355 in
1131 322 1266 355 Niconis
1283 321 1491 372 aliorumque
1512 336 1707 371 graecorum
1733 323 1806 361 scri-

73 377 214 416 ptorum
232 369 438 406 collectaneis
455 382 485 406 et
503 374 587 406 iuter
601 372 882 419 apophthegmata
897 381 1029 419 patrum
1052 371 1139 419 apud
1160 372 1292 408 Cotelcr.
1311 382 1392 409 tom.
1413 378 1436 409 I.
1456 385 1664 415 monument,
1680 389 1712 423 p.
1728 383 1805 419 488.

46 437 54 445 =
73 419 295 468 Epistolarum
313 425 472 458 editarum
490 420 607 458 Isidori
633 420 900 471 praestantissima
925 421 1026 458 editio
1051 422 1095 457 est
1125 423 1342 471 graecolatina
1365 425 1545 461 Bai-issensis
1574 441 1602 462 a.
1628 430 1718 469 1638.
1742 426 1803 463 fol.

74 475 221 521 quinque
238 473 358 521 digesta
375 475 484 518 libris,
510 486 656 522 quorum
674 477 800 520 primus
822 473 975 522 epistolas
988 486 1074 520 500,
1098 475 1260 522 sccundus
1280 482 1363 518 380,
1391 481 1506 513 tertius
1520 489 1587 522 413.
1612 480 1804 526 00111111οέὶί-

72 532 137 559 tur.
191 526 265 559 Hos
283 538 342 560 tre<
359 539 474 574 graece
493 526 668 573 vulgarunt
686 539 762 560 cum
784 527 996 562 IacobiBillii
1019 525 1170 562 versione
1191 537 1222 561 et
1238 525 1400 562 sacrarum
1423 528 1689 572 obseruationum
1713 531 1805 566 libris

74 573 203 610 duobus
220 576 313 612 Paris.
333 584 416 622 1585.
433 574 492 612 fol.
511 580 547 618 ')
570 576 772 612 Billiiversio
793 575 898 612 recusa
914 580 947 614 in
965 578 1162 614 bibliotheca
1178 588 1309 627 patrum
1326 577 1400 613 edit.
1417 581 1541 615 Colon.
1558 592 1641 617 tom.
1659 583 1699 617 V.
1713 593 1805 631 parte

73 638 103 662 2.
120 628 268 675 Quat-tm
283 628 366 664 liber
382 630 477 663 habet
493 628 645 675 epistolas
660 639 732 671 230.
749 642 825 663 cum
842 629 941 664 tribus
954 630 1119 678 prioribus
1135 629 1240 665 editus
1264 633 1407 679 primum
1422 646 1440 666 a
1457 632 1607 669 Conrado
1615 635 1805 669 ›Rittershm

74 680 133 720 lio,
188 680 279 724 1605.
312 678 372 715 fol.
398 693 438 715 ex
462 679 551 715 offic.
575 679 744 715 Commel.
781 679 938 725 [eaedem
959 680 1116 729 epistolae
1144 695 1194 731 gr.
1220 692 1252 717 et
1274 684 1323 717 lat.
1354 684 1470 731 quibus
1493 683 1626 720 additur
1650 695 1748 733 caput
1760 699 1804 721 ex

72 729 314 780 quaestionibus
331 731 568 767 10.Trithemii
584 730 624 766 de
640 733 671 766 S.
692 730 778 766 sacra
793 741 853 767 etc.
870 732 911 767 ib.
925 734 1022 769 1606.
1040 730 1101 768 fol.
1118 735 1151 767 in
1167 743 1227 768 cat.
1242 734 1317 768 bibl.
1329 733 1419 770 Leid.
1437 748 1510 784 pag.
1522 747 1571 780 52.
1599 736 1718 781 ΗΜΛ]
1745 739 1802 786 qui

69 780 257 817 versionem
276 792 393 830 quarto
415 784 492 818 huic
510 783 615 828 libro,
644 782 845 818 etvniuersss
862 794 1026 833 quatuor,
1050 795 1164 832 110133,
1189 785 1330 827 indices,
1357 785 1627 838 singularumque
1651 787 1801 836 epistola-

70 846 145 869 rum
159 844 352 883 argumenta
371 833 528 870 adiunxit.
554 837 591 876 ⁸)
626 836 784 882 Quintum
799 835 920 870 librum
930 863 943 883 ,ι
959 836 1110 885 epistolas
1132 848 1206 882 570.
1224 839 1258 872 in
1281 850 1423 886 quarum
1439 850 1508 882 130.
1526 841 1682 888 praecipit
1697 838 1738 874 de
1753 853 1802 875 re·

70 886 121 922 &a
141 883 381 921 scribendarum
405 885 616 934 epistolatum
639 889 788 928 ratione,
816 888 1032 936 complexum
1058 889 1216 925 debemus
1237 888 1389 925 Andreae
1413 891 1540 926 Schotto
1561 893 1592 926 S.
1609 894 1633 927 1.
1653 893 1707 940 qui
1724 904 1802 927 eum

68 949 110 973 ex
128 939 224 972 MSS.
244 938 320 973 bibl.
338 940 513 973 Vaticanae
532 951 644 987 graece
662 950 738 973 cum
759 941 847 973 notis
873 938 977 974 edidit
999 940 1171 988 Antwerp,
1195 944 1283 983 1623.
1308 946 1340 981 8.
1364 952 1623 992 argumentaque
1647 942 1803 991 epistola·

69 1001 145 1024 rum
161 988 287 1023 addidit
305 999 336 1024 et
349 989 448 1025 latine
466 1003 482 1024 a
498 988 527 1024 se
544 987 672 1025 versum
688 990 834 1037 vulgauit
853 991 954 1026 Rom.
970 993 1062 1035 1624.
1082 997 1115 1031 8.
1167 994 1291 1027 Graece
1306 995 1402 1028 etiam
1417 1003 1448 1028 et
1470 993 1591 1036 latine,
1618 1004 1651 1029 vt
1665 997 1802 1030 Ritters-

67 1039 221 1077 hufianae
238 1039 375 1076 editioni
390 1041 523 1089 adiungi
542 1040 663 1089 posset,
692 1040 841 1077 recusum
865 1040 1017 1078 Francof.
1041 1045 1133 1088 1629.
1151 1041 1211 1080 fol.
1263 1046 1374 1085 Hinc,
1400 1053 1435 1079 vt
1451 1044 1537 1092 dixi,
1564 1045 1746 1081 Parifienfis
1763 1045 1801 1081 li-

67 1090 207 1127 brorum
223 1105 369 1141 quinque
383 1094 602 1141 graecolatina
619 1089 746 1132 ἕκὲοσις
760 1093 842 1129 vidit
857 1094 967 1130 lucem
983 1108 1012 1130 a.
1030 1097 1117 1138 1638.
1134 1093 1195 1131 sol.
1223 1108 1308 1143 quae
1325 1096 1529 1132 Rittershusii
1547 1107 1578 1132 et
1600 1099 1727 1133 Schotti
1741 1097 1805 1133 no-'

67 1154 115 1179 tas
131 1142 173 1179 ad
189 1144 369 1180 voluminis
386 1145 508 1180 calcem
525 1143 676 1181 subiectas
691 1155 722 1180 et
737 1154 930 1195 argumenta
945 1149 1038 1195 operi
1062 1145 1231 1195 praemissa
1255 1147 1395 1182 exhibet.
1434 1148 1522 1184 Libri
1537 1152 1686 1198 quinque
1702 1151 1800 1185 etiam

68 1209 109 1232 ex
126 1195 211 1231 Billii
223 1222 232 1237 ,
259 1195 463 1231 Ritteishussi
482 1206 512 1231 et
529 1198 656 1232 Schotti
676 1195 824 1232 versione
841 1211 902 1232 vna
917 1212 994 1233 cum
1009 1201 1211 1246 argumentis
1228 1197 1328 1234 recufi
1348 1197 1420 1235 sunt
1436 1202 1470 1235 in
1489 1209 1572 1235 tom.
1587 1201 1665 1236 VII.
1681 1200 1799 1237 biblio.

67 1249 184 1283 thecae
201 1257 329 1295 patrum
351 1248 454 1296 Lugd.
467 1249 558 1291 1677.
580 1246 633 1283 sed
651 1258 751 1284 notae
767 1247 1006 1296 praetermissae
1023 1250 1063 1291 ²).
1101 1248 1235 1299 Aliquot
1250 1250 1330 1285 locis
1346 1250 1560 1300 epistolarum
1572 1250 1707 1291 Isidori,
1725 1252 1801 1288 libri

50 1301 169 1350 'primi
188 1301 334 1334 maxime
350 1298 458 1334 lucem
473 1297 581 1335 adfert
595 1302 828 1335 Bonauentura
841 1301 1020 1336 Vulcanius
1038 1303 1126 1336 notis
1143 1300 1182 1336 ad
1200 1302 1369 1344 Cyrillum
1380 1301 1470 1338 Alex.
1487 1301 1640 1339 aduersus
1656 1305 1800 1339 Anthro-

67 1353 300 1401 pomorphitas
313 1349 439 1386 editum
456 1350 564 1400 Lugd.
579 1353 645 1386 Bar.
667 1353 758 1396 1605.
773 1362 803 1394 4.
822 1350 970 1394 testatus,
996 1352 1131 1388 Billium
1153 1351 1380 1388 doc‘iiffimum
1403 1356 1514 1389 virum
1536 1364 1718 1390 extremam
1730 1367 1801 1390 ver-

68 1402 154 1439 fioni
173 1401 245 1438 suae
265 1414 402 1438 manum
425 1415 497 1438 non
517 1401 717 1448 adhibuisse,
745 1413 775 1437 et
800 1402 992 1450 postumum
1013 1403 1111 1452 ipsius
1134 1401 1263 1439 foetum
1291 1403 1377 1440 adeo
1398 1403 1485 1441 male
1506 1406 1655 1441 habitum
1672 1420 1689 1441 a
1705 1405 1804 1441 lucri-

67 1464 143 1504 peta
156 1456 372 1503 typographo
387 1457 420 1488 in
438 1453 547 1490 lucem
563 1453 730 1491 extrusum
747 1452 819 1489 effe.
872 1457 993 1504 Longe
1006 1455 1100 1504 plura
1115 1464 1226 1490 autem
1239 1454 1349 1491 adhuc
1362 1455 1569 1492 emendanda
1585 1455 1753 1506 supersunt
1767 1459 1803 1493 in

55 1507 143 1543 vlibri
166 1508 272 1554 quinti
296 1503 462 1546 versione,
490 1509 526 1541 in
548 1518 615 1554 quo
639 1509 794 1542 Schottus
816 1508 975 1555 interpres
995 1504 1109 1554 passim
1133 1520 1150 1541 a
1172 1503 1329 1542 sententia
1342 1506 1459 1543 Isidori
1477 1507 1600 1544 recedit
1617 1519 1649 1544 et
1666 1509 1801 1544 aberrat.

68 1560 245 1595 Caeterum
264 1555 289 1592 si
303 1569 392 1592 noua
411 1555 601 1593 adornanda
623 1559 742 1593 harum
756 1557 970 1607 epistolarum
993 1556 1095 1593 editio
1122 1554 1239 1604 fuerit,
1262 1570 1332 1593 non
1348 1557 1531 1595 omittenda
1549 1559 1592 1596 est
1610 1558 1803 1609 diligentior

67 1610 225 1648 locorum
237 1611 269 1644 S.
286 1609 319 1644 S.
336 1622 420 1658 quae
433 1607 572 1644 illustrat
590 1608 754 1652 Isidorus,
777 1607 949 1645 adnotatio
962 1637 972 1652 ‚
1000 1622 1143 1645 necnon
1159 1607 1218 1656 [lf]
1246 1622 1363 1658 parum
1385 1613 1500 1646 nitoris
1515 1621 1547 1648 et
1561 1613 1745 1649 ornamenti
1763 1611 1804 1646 ad

69 1674 141 1699 eam
161 1659 294 1699 accedet
315 1673 359 1696 ex
381 1660 497 1696 labore
519 1661 683 1708 Franctsci
706 1660 865 1703 Arcadii,
891 1664 1007 1698 Graeci
1024 1662 1175 1702 Calabri,
1203 1660 1314 1709 postea
1329 1660 1473 1712 episcopi
1488 1662 1651 1708 Nuscani3
1680 1667 1738 1714 qui
1763 1665 1802 1700 ab

67 1716 179 1751 Emin.
194 1711 359 1759 Franctfii
376 1710 546 1748 cardinalis
564 1714 739 1748 Barberini
752 1713 945 1749 liberalitate
964 1713 1005 1749 ad
1021 1715 1088 1749 hoc
1101 1714 1252 1748 inuitatus
1267 1713 1435 1750 vniuersos
1451 1717 1598 1764 quinque
1615 1716 1717 1751 libros
1726 1728 1806 1752 cum

70 1766 169 1804 MSS.
184 1763 348 1809 contulit,
373 1761 429 1800 sex
443 1765 583 1814 antiquis
595 1764 765 1801 codicibus
779 1762 870 1801 vsus:
895 1764 1026 1802 duobus
1048 1766 1229 1808 Vaticanis,
1257 1764 1399 1802 totidem
1414 1765 1655 1811 Altaemsibus,
1681 1769 1805 1855 qfuinto

1025 1819 1111 1867 Ppp
1135 1828 1155 1852 2
1395 1828 1401 1834 ’
1667 1819 1688 1853 S
1709 1820 1807 1855 ortia-

115 1926 150 1969 q)
173 1928 213 1957 V.
228 1923 368 1958 Lambec.
385 1927 443 1957 111.
469 1923 507 1956 de
528 1923 619 1957 codd.
636 1927 691 1958 IV.
706 1928 743 1958 X.
758 1928 840 1958 XIV.
855 1927 916 1957 XL.
961 1928 1026 1959 XX.
1047 1928 1165 1958 Parisiis
1185 1925 1350 1969 prodiere3
1373 1926 1435 1957 iam
1450 1936 1526 1958 vero
1543 1926 1596 1958 sub
1618 1925 1736 1969 prelum
1757 1937 1808 1958 re-

73 1972 159 2003 xm.
176 1972 263 2001 XLV.
281 1971 385 2001 XLVI.
403 1967 472 1999 add.
490 1968 528 1999 de
544 1969 611 2001 cod.
628 1972 736 2001 LVIII.
754 1980 800 2000 nr.
817 1980 846 2000 2.
873 1972 918 2000 De
962 1973 1082 2007 vocati,
1105 1973 1168 2004 MS.
1185 1969 1253 2000 cod.
1277 1973 1382 2002 Bauar.
1406 1980 1484 2012 ope,
1517 1969 1656 2012 plurimis
1678 1972 1710 2001 in
1729 1969 1806 2001 loci«

73 2014 198 2047 Coislin.
223 2023 254 2043 v.
270 2010 485 2052 Montfaucon.
509 2011 582 2042 bibl.
600 2011 729 2043 coislin.
754 2023 784 2054 p.
801 2022 846 2050 41.
866 2022 917 2049 42.
961 2015 1119 2052 insiguiter
1140 2015 1230 2050 aneti,
1252 2013 1399 2055 suppleti,
1423 2014 1552 2043 correcti
1569 2012 1651 2045 stunt:
1675 2016 1808 2050 Quartu-

72 2067 119 2096 ⁴3·
138 2065 186 2096 45.
199 2065 244 2096 57.
259 2060 308 2094 64.
323 2059 373 2087 66.
389 2059 439 2094 67.
455 2060 506 2094 76.
520 2061 564 2090 82.
581 2062 622 2093 83.
639 2062 687 2093 84.
706 2066 759 2087 111.
775 2063 831 2087 ete.
853 2055 896 2087 [ί.
962 2068 1043 2087 nunc
1061 2059 1190 2098 primum
1209 2058 1270 2086 exit
1285 2067 1393 2093 noum,
1416 2066 1451 2086 ex
1467 2055 1536 2086 eod.
1553 2055 1624 2087 cod.
1640 2059 1746 2088 Bauer.
1759 2058 1810 2087 cui

962 2103 1097 2131 Venetus
1113 2102 1144 2130 in
1169 2099 1242 2129 bibl.
1264 2101 1291 2131 S.
1310 2101 1408 2130 Marci
1433 2097 1612 2140 respondet,
1641 2098 1810 2140 descriptus

115 2142 153 2184 r)
175 2144 209 2172 In
224 2140 300 2172 bibl.
319 2140 453 2172 Leidenfi
471 2142 512 2172 cst
533 2141 688 2184 exemplar
708 2152 799 2172 mann
823 2143 921 2173 Bona.
963 2151 993 2173 ct
1016 2142 1125 2173 latinns
1146 2142 1239 2173 faetu-
1262 2153 1279 2172 a
1295 2141 1438 2174 Cunrado
1460 2140 1684 2184 Rittershufio,
1709 2143 1761 2184 qui
1779 2149 1811 2172 et

74 2193 159 2218 vent.
176 2183 319 2216 Vulcanii
339 2192 489 2216 notatum.
519 2195 550 2218 v.
573 2185 662 2217 catal.
682 2184 758 2216 bibl.
781 2183 919 2217 Leidens.
963 2194 1050 2216 notan
1067 2186 1201 2216 vberior.
1217 2194 1245 2215 et
1261 2185 1388 2215 summas
1409 2192 1439 2214 et
1460 2184 1577 2216 indices
1600 2184 1721 2218 adiecit.
1766 2187 1808 2216 Ex

74 2240 106 2272 p.
121 2237 166 2266 52.
187 2228 280 2260 Harl.
963 2228 1016 2261 off.
1035 2228 1184 2262 Commel.
1201 2231 1358 2261 01010cv.
1392 2227 1490 2260 Harl.

118 2314 153 2353 s)
176 2311 337 2354 Inscriptio
353 2311 426 2343 edit.
441 2313 498 2344 este
522 2314 562 2338 ὲ-
586 2314 613 2344 8.
629 2312 740 2355 Ijidort'
756 2313 922 2387 Pelufiotae
1010 2316 1040 2355 t)
1063 2316 1160 2346 Latin.
1177 2312 1224 2344 ed.
1240 2316 1385 2345 Venetam
1403 2321 1483 2352 1745.
1498 2311 1552 2344 fol.
1569 2313 1812 2346 3103101318αο-

76 2356 115 2387 de
132 2358 384 2398 interpretatione
398 2355 522 2386 diuinae
540 2356 706 2398 scripturae
729 2359 822 2400 episto
838 2367 922 2388 arum
967 2357 1032 2390 din.
1051 2360 1085 2388 in
1101 2365 1159 2390 cat.
1176 2355 1264 2390 codd.
1289 2367 1335 2396 gr.
1352 2359 1491 2390 Laurent.
1506 2359 1532 2392 1.
1551 2366 1621 2400 pag.
1637 2363 1696 2396 358.
1717 2367 1762 2390 111.
1781 2367 1810 2389 ².

75 2401 148 2431 libri
163 2402 215 2431 lV.
239 2409 368 2440 quorum
393 2407 451 2429 tres
476 2401 595 2441 priore·
619 2411 686 2430 cum
715 2399 767 2431 lat.
788 2401 925 2431 versione
968 2401 1063 2434 Harl,

81 2442 119 2475 cl.
134 2446 172 2477 V.
192 2443 261 2476 lac.
275 2442 363 2475 Bittis·
372 2464 382 2482 ,
405 2444 554 2482 Pruuaei,
581 2445 715 2487 primum
739 2451 809 2475 ante
829 2453 927 2475 anuo·
