2023 2656
247 165 312 205 308
363 159 436 196 Lib.
448 157 491 198 V.
506 171 530 194 c.
545 159 652 196 XIX.

965 161 1055 196 ALII
1082 159 1277 196 MELETH
1623 158 1778 187 v01.vm.
1791 169 1819 195 p.
1830 161 1970 210 ⁴253?AE

251 253 293 290 de
313 251 468 290 consensu
485 266 558 302 pag.
585 254 662 297 996,
693 253 790 289 Rich.
814 254 958 288 Simonis
980 253 1053 291 hist.
1077 256 1178 289 critic.
1206 261 1289 288 tom.
1306 254 1364 288 IV.
1377 265 1452 303 pag.
1471 266 1513 293 11.
1535 252 1598 304 seq.
1622 264 1654 290 et
1678 257 1852 304 praecipue
1873 255 1973 302 Euse-

251 308 336 341 bium
351 306 574 342 Renaudotum
589 303 630 340 ad
644 303 804 341 Gennadii
820 313 851 339 et
867 304 1011 339 aliorum
1027 307 1211 339 recentium
1224 306 1429 339 Graecorum
1444 302 1560 353 scripta
1581 319 1614 354 p.
1629 318 1678 350 91.
1703 305 1767 356 seq.
1786 308 1837 350 [ν.
1859 304 1901 340 ad
1922 318 1975 342 nr.
1989 303 1991 305 ¹

251 355 301 402 9.]
328 355 474 405 Epistola
487 356 583 391 huius
597 356 727 392 Meletii
743 354 784 390 ad
800 358 918 390 Ianum
936 352 1084 390 Doufam
1107 354 1208 391 exstat
1226 358 1312 390 inter
1331 357 1472 390 Arminii
1494 359 1627 405 eiusque
1648 355 1834 406 sequacium
1857 356 1977 404 episto-

252 407 300 444 las
321 422 356 444 n.
368 409 470 444 XXV.
522 407 621 442 Fabr.
671 407 783 442 Paris.
797 409 834 440 in
850 405 927 440 bibl.
943 405 1037 454 publ.
1055 403 1131 440 cod.
1145 407 1339 441 MCCLIV.
1354 405 1398 440 est
1413 407 1536 442 Meletiz·
1550 409 1674 455 Pigae,
1701 404 1904 443 alexandrini
1920 420 1977 455 pa-

253 460 432 500 triarchae,
455 458 647 506 ewangelicae
661 457 820 494 dominae
828 458 992 502 periodus.
1043 459 1300 493 Praeinittuntur
1325 455 1433 493 versus
1452 457 1588 507 elegiaci
1608 462 1644 494 in
1665 457 1800 494 laudem
1820 459 1982 500 audioris.

253 519 287 545 et
301 509 437 558 epistola
452 507 492 545 ad
508 511 668 544 Ioannem
683 506 859 557 quemdam
874 509 1070 545 Simontarn.
1119 508 1216 543 Plura
1230 508 1320 557 leges
1338 506 1424 543 infra
1439 511 1474 544 in
1491 509 1558 544 vol.
1575 511 1613 545 X.
1636 522 1669 557 p.
1694 520 1768 552 437.
1790 507 1842 544 ed.
1862 518 1925 544 vet.
1945 516 1978 544 et

253 559 324 596 vol.
339 563 395 596 XI.
411 573 443 609 p.
461 571 538 603 770„
556 557 601 608 [q.
629 562 663 594 in
677 561 838 595 Demetrii
852 559 1004 604 Procopii
1018 558 1207 594 recensione
1227 559 1433 594 eruditorum
1450 562 1675 601 Graecorum.
1711 559 1891 595 Reimudot.
1909 557 1979 595 edi-

254 609 304 647 dit
328 611 506 651 Gmmadii,
541 612 714 658 patriarch.
734 609 849 650 epol..
874 610 1027 645 homilias
1044 610 1085 644 de
1108 608 1308 645 sacramento
1337 609 1564 654 eucharistiae,
1605 612 1729 647 Meletii
1749 610 1979 652 Alexandrini,

253 662 399 698 Neam-ii
416 661 627 708 Hierosolym.
645 661 769 697 Meletii
783 662 906 708 Syrigii
919 670 950 696 et
964 660 1107 696 aliorum
1126 660 1168 695 de
1183 659 1302 696 eodem
1319 671 1516 710 argumento
1534 660 1707 709 opuscula,
1733 675 1783 711 gr.
1800 670 1837 696 et*
1845 660 1900 697 lat.
1921 663 1981 696 Pa-

255 715 309 750 ris.
325 724 419 757 1709.
435 721 467 754 4.
493 709 646 748 Renaud.
662 715 698 749 in
712 710 816 762 praef.
832 714 900 762 agit
915 710 956 747 de
969 711 1140 759 Francisco
1157 710 1365 759 Prqfflzlente.
1393 709 1481 748 Add.
1493 714 1586 748 Saxii
1600 715 1726 750 Onom.
1744 716 1801 749 IV.
1822 725 1856 762 p.
1878 723 1928 758 57.
1947 720 1981 748 et

254 774 322 810 571.
379 763 479 801 Harl.

424 867 463 911 9)
487 864 644 902 Meletius
666 865 823 913 Syrigus‚
850 862 1031 905 Cretensis,
1061 867 1116 913 qui
1133 861 1216 900 iussu
1231 862 1351 911 synodi
1366 864 1470 901 CPol.
1493 873 1525 900 et
1544 865 1802 913 patriarcharum
1823 860 1983 900 mandato

256 930 286 954 a.
302 917 392 960 1638.
417 919 624 965 oppugnauit
639 912 879 951 confessionem
897 915 1174 960 CyrilliLucaris.
1201 914 1287 952 Vide
1300 915 1472 951 laudatum
1487 917 1710 951 Renaudotum
1730 929 1764 964 p.
1783 925 1843 960 151.
1857 913 1923 963 seq.
1950 923 1983 950 et

257 969 350 1006 Rich.
370 970 535 1017 Simonem
546 969 580 1002 in
594 967 681 1002 libro
697 963 737 1000 de
758 964 914 1001 sententia
930 966 1043 1001 eccles.
1066 965 1217 1001 oriental.
1235 969 1320 1002 circa
1335 964 1733 1008 transsubstantiationem,
1757 965 1847 1002 edito
1862 964 1984 1014 gallice

256 1017 410 1054 aduersus
426 1019 522 1053 Tho.
542 1019 726 1059 Sinithum‚
752 1019 852 1052 Paris.
869 1018 961 1061 1684.
980 1028 1023 1052 12.
1078 1018 1176 1052 Fabr.
1230 1015 1333 1052 Conf.
1348 1015 1454 1058 infra,
1483 1017 1551 1052 vol.
1576 1019 1616 1052 Χ.
1638 1028 1765 1065 Ρ.,437.
1789 1015 1840 1052 ed.
1864 1026 1929 1053 vet.
1950 1024 1984 1051 et

257 1072 316 1107 XI.
330 1082 361 1117 p.
379 1081 455 1113 777.
477 1072 512 1104 in
526 1066 654 1104 laudata
671 1070 827 1116 Procopii
848 1081 967 1104 recem.
991 1069 1082 1104 Saxii
1101 1069 1228 1104 Onom.
1248 1068 1306 1104 IV.
1328 1080 1361 1118 p.
1390 1079 1465 1114 439.
1490 1078 1522 1103 et
1545 1068 1683 1104 Kollarii
1701 1067 1919 1125 supplement.
1942 1064 1985 1103 ad

258 1121 425 1157 Lambecii
441 1129 622 1156 comment.
637 1132 713 1168 pag.
729 1130 804 1162 240.
857 1120 956 1155 Harl.

425 1218 479 1263 10)
505 1217 674 1260 Meletius‚
703 1217 920 1267 calligraphus
935 1220 992 1255 XI.
1013 1216 1153 1258 saeculi,
1187 1220 1279 1253 cuius
1301 1218 1431 1268 aliquot
1455 1216 1584 1255 codices
1607 1222 1696 1256 Msti
1717 1222 1827 1270 graeci
1849 1223 1885 1256 in
1905 1220 1984 1256 bibl.

259 1272 471 1322 Seguieriana
488 1282 519 1305 et
533 1270 735 1305 Colbertina.
760 1272 788 1311 ‘)
841 1272 969 1305 Omitto
985 1269 1158 1310 Meletium,
1186 1270 1303 1309 ducem,
1330 1268 1371 1304 de
1386 1283 1455 1318 quo
1474 1272 1715 1320 martyrologia
1739 1281 1770 1306 et
1789 1271 1994 1320 menologia

260 1335 314 1366 24.
330 1325 425 1358 Maii.
444 1317 482 1366 f)
536 1320 630 1355 Alios
645 1323 723 1355 item
736 1329 895 1365 martyres
922 1319 986 1368 [If]
1012 1323 1078 1356 hoc
1092 1323 1241 1361 nomine,
1255 1332 1317 1355 nec
1330 1333 1400 1355 non
1417 1319 1501 1355 duos
1514 1323 1672 1363 Malaios,
1688 1324 1894 1371 hegumexsos
1908 1335 1985 1367 mo-
2002 1322 2003 1326 ’

259 1372 390 1411 nasserii
406 1375 437 1407 S.
456 1371 546 1408 Pauli
562 1373 675 1412 Latris,
706 1384 850 1419 quorum
866 1371 946 1406 alter
961 1371 1089 1406 saeculo
1112 1373 1200 1406 XlV.
1223 1367 1304 1405 alter
1322 1369 1450 1406 saeculo
1474 1375 1546 1408 XV.
1569 1370 1652 1414 fuit,
1688 1385 1832 1421 quorum
1855 1375 1996 1408 mentio

260 1428 297 1461 in
311 1422 426 1459 codice
440 1423 637 1458 Colbertino
655 1434 796 1469 operum
812 1424 843 1455 S.
859 1424 1016 1469 Ephraim
1031 1421 1119 1470 apud
1133 1417 1422 1456 Montfauconum
1436 1426 1472 1458 in
1485 1423 1739 1472 palaeographia
1753 1436 1868 1473 graeca
1881 1436 1915 1474 p.
1929 1429 1999 1469 78„

260 1476 384 1512 Meletii
397 1476 522 1510 Macris
534 1485 615 1508 mox
629 1470 717 1508 infra
733 1470 852 1508 faciam
869 1476 1077 1509 mentionem
1092 1476 1127 1508 in
1147 1473 1315 1513 Nedlario,
1334 1472 1503 1510 Hierosol.
1539 1476 1637 1510 Fabr.

426 1568 595 1611 Meletius,
621 1565 800 1605 Alexandr.
818 1567 1010 1617 patriarcha.
1035 1564 1110 1602 vide
1124 1563 1231 1609 infra,
1259 1565 1325 1604 vol.
1337 1567 1377 1604 X.
1394 1580 1472 1617 pag.
1487 1579 1549 1614 515.
1571 1565 1622 1604 ed.
1640 1577 1706 1605 vet.
2002 1612 2004 1615 ἱ

1820 1653 1988 1697 Mletiusg

305 1811 334 1844 e)
354 1810 389 1838 Ιιι
410 1803 623 1848 Montfaucon.
639 1805 713 1837 bibl.
731 1805 857 1837 Coislin.
878 1811 1041 1836 occurrunt
1062 1817 1093 1848 p.

1146 1804 1311 1847 scriptione
1329 1801 1398 1835 eod.
1413 1802 1581 1835 Colbertini
1601 1803 1676 1836 saec.
1697 1805 1751 1836 XI.
1771 1802 1900 1843 legitur:
1931 1802 1985 1834 da-

261 1858 322 1886 305.
344 1850 498 1886 Melitius,
520 1849 730 1889 calligraphus,
753 1851 803 1889 qui
820 1848 887 1878 cod.
900 1851 1006 1878 CCLX.
1025 1859 1095 1878 con-

1147 1856 1192 1878 tus
1209 1849 1249 1877 est
1263 1850 1313 1878 hic
1329 1847 1466 1877 liberIV.
1482 1847 1709 1885 euangeliorum
1725 1847 1904 1877 monasterio
1921 1845 1985 1876 dei-

261 1894 407 1923 tinentem
430 1893 579 1922 Dorothei
600 1902 670 1932 opp.
691 1891 827 1932 aliaque,
857 1891 1024 1932 descripsit,
1053 1899 1096 1921 at-

263 1946 322 1977 que
341 1937 372 1964 in
393 1937 452 1965 fine
467 1937 498 1963 in
511 1935 619 1964 iambis
641 1943 749 1970 graeco
768 1934 904 1963 barbaris
934 1943 993 1963 tam
1016 1933 1096 1963 indi-

263 1987 328 2007 cem
345 1977 505 2011 librorum,
522 1986 610 2017 quam
626 1986 735 2004 nomen
752 1975 835 2004 suum
854 1976 970 2016 posuit:
994 1988 1022 2016 p.
1044 1985 1097 2011 113.

261 2020 416 2058 Mete-tius,
425 2018 598 2054 monachus,
609 2019 692 2048 cuius
704 2018 845 2047 sumtibus
856 2017 924 2047 cod.
935 2021 1099 2050 XXXVIII.

263 2061 425 2093 secundum
440 2071 544 2092 uotam
560 2060 613 2091 foI.
629 2069 696 2096 502.
720 2070 737 2089 a
758 2062 925 2096 Demetrio,
947 2060 1100 2090 hierodia-

264 2116 356 2140 cone,
374 2114 401 2134 a.
417 2109 526 2141 6490„
547 2106 567 2134 i.
583 2114 610 2133 e.
632 2112 679 2131 ar..
700 2103 769 2133 Chr.
793 2112 870 2139 1432.
893 2103 1019 2144 scriptus
1041 2104 1098 2134 est:

263 2159 294 2189 p.
310 2157 372 2184 127.
394 2147 513 2178 Mateta·
527 2147 595 2178 Nili
615 2155 705 2174 mauu
728 2154 863 2175 exaratus
883 2147 923 2174 est
945 2144 1011 2175 cod.
1036 2148 1096 2176 LX.

265 2191 422 2220 continens
439 2190 598 2230 Ephraemi
613 2188 802 2227 aliorumque
823 2187 983 2228 opuscula,
1014 2197 1043 2217 et
1065 2199 1097 2229 p.

264 2242 329 2270 174.
352 2230 419 2260 cod.
435 2234 590 2261 CCXXIII.
613 2231 633 2260 s.
649 2229 832 2264 synaxin-ium
850 2241 904 2270 pro
926 2230 1026 2260 media
1047 2240 1097 2260 an-

266 2276 298 2304 ni
321 2281 423 2315 parte,
447 2273 542 2302 studio
563 2281 592 2303 et
613 2273 743 2312 expensss
763 2274 921 2308 Ioannicii,
945 2274 1098 2302 hieromo-

267 2318 366 2353 uaehi,
391 2326 416 2347 a.
433 2326 473 2345 m.
497 2320 584 2352 6809.
606 2325 693 2344 manu
719 2314 837 2346 Meletii
853 2315 1033 2354 precatoris.
1057 2332 1098 2339 —-—

265 2360 358 2401 fl’esse
371 2356 544 2400 Montfauc.
563 2360 596 2390 iu
614 2356 768 2402 palaeogr.
791 2368 835 2396 gr.
859 2369 889 2401 p,
910 2366 952 2397 55.
974 2359 1008 2392 iu
1032 2358 1100 2391 sub-

1148 1900 1239 1932 parae
1254 1892 1390 1921 Hieracis
1407 1899 1423 1918 a
1438 1889 1594 1927 monacho,
1617 1891 1752 1926 Meletio,
1773 1889 1919 1919 ercmita:
1939 1897 1997 1912 -’

1147 1933 1298 1965 Nicotaus
1311 1932 1456 1963 [IL-letius
1470 1934 1548 1962 inter
1569 1943 1638 1970 eos,
1669 1934 1720 1974 qui
1736 1930 1880 1962 Mediceis
1896 1930 1985 1962 codd.

1151 1975 1351 2005 exscribendis
1367 1985 1490 2016 operam
1500 1975 1723 2016 impenderunt,
1746 1975 1854 2003 cimtur
1869 1984 1887 2003 a
1899 1974 1986 2004 Ban-

1150 2018 1233 2049 dinio
1250 2020 1280 2048 in
1297 2017 1393 2060 praef.
1407 2016 1444 2055 ad
1462 2025 1517 2046 cat.
1537 2017 1625 2047 codd.
1648 2028 1692 2055 gr.
1708 2019 1848 2048 Laurent.
1872 2023 1945 2048 tom.
1957 2019 1996 2049 1..

1151 2071 1218 2102 pag.
1235 2063 1286 2091 XI.
1309 2068 1372 2091 not.
1388 2070 1411 2092 1.
1454 2059 1549 2091 Harl.

1183 2143 1228 2184 f)
1248 2144 1377 2180 Melam,
1389 2143 1486 2183 ducis,
1505 2145 1680 2179 martyrium
1699 2143 1835 2175 Florent.
1859 2144 1890 2174 in
1915 2141 1984 2174 eod.

1147 2189 1287 2218 Laurent.
1310 2189 1390 2217 XIV.
1416 2197 1462 2216 nr.
1486 2192 1511 2220 8.
1534 2185 1608 2227 plut.
1630 2197 1657 2223 9.
1683 2196 1717 2216 ex
1743 2197 1804 2227 qno
1832 2185 1902 2216 cod.
1929 2185 1985 2217 illa

1149 2231 1213 2259 aeta
1234 2228 1370 2259 fabulosa
1381 2239 1486 2266 graece
1506 2228 1600 2258 sumta
1615 2238 1645 2259 et
1658 2238 1725 2259 cum
1748 2230 1883 2258 verfione
1897 2229 1990 2265 Dan.

1151 2272 1285 2304 Cat-doni
1300 2274 1325 2301 S.
1340 2274 1364 2301 Ι.
1378 2280 1498 2312 recepta
1514 2271 1580 2301 suut
1588 2272 1625 2314 jn
1642 2273 1713 2302 Adia
1721 2272 1766 2302 SS.
1781 2270 1819 2300 ad
1831 2281 1879 2308 24.
1895 2273 1983 2308 Maii,

1148 2322 1222 2345 tom.
1240 2318 1277 2346 V·
1296 2326 1324 2355 p.
1339 2319 1405 2352 436.
1419 2313 1519 2344 indice
1542 2313 1679 2349 Bandin.
1700 2316 1733 2345 in
1752 2322 1808 2349 cat.
1827 2312 1914 2345 codd.
1937 2324 1984 2352 gt·

1147 2360 1234 2393 Laut.
1248 2360 1273 2391 1.
1290 2368 1322 2403 p.
1338 2366 1405 2396 410.
1448 2355 1544 2390 Harl.
