2023 2656
577 221 863 259 SCRIPTORES
882 222 944 259 DE
973 222 1179 260 SANCTIS.
1310 225 1383 262 Lib.
1398 224 1442 262 V.
1464 238 1489 264 c.
1506 226 1650 264 XXIX.
1703 240 1763 274 147

139 320 237 356 &atui
253 316 307 354 des
324 315 446 353 Etudes
460 315 683 366 monastiques
709 329 740 366 p.
755 316 831 357 628.
855 318 1022 354 Dominici
1035 320 1143 355 lma-ri
1163 319 1280 355 notitia
1306 317 1360 354 de’
1379 321 1531 357 vocaboli
1555 321 1761 359 ecclesiastici

139 384 203 407 con
218 370 249 405 la
266 370 501 406 dichiaratione
518 367 603 405 delle
620 371 809 405 ceremonie
826 380 857 405 et
873 372 1001 417 origine
1018 372 1068 406 de‘
1084 373 1136 406 riti
1150 369 1248 412 sacri,
1280 375 1370 406 cuius
1390 372 1466 409 libri
1490 372 1592 408 editio
1618 373 1758 410 secunda

135 424 228 458 aurfta
243 432 273 457 et
288 423 435 458 correcta
451 423 528 456 exii:
543 423 674 456 Romae
685 423 775 466 1650.
792 432 825 464 4.
852 420 1065 472 eiusdemque
1081 421 1185 458 versio
1204 421 1301 458 latina
1319 420 1486 471 inscripta.-
1513 425 1757 464 Hierolexicon

133 471 158 511 s.
178 473 414 509 dictionarium
438 472 583 514 sacrum,
618 470 778 521 adparuit.
830 473 1079 522 Locupletatam
1100 472 1336 510 acceffionibus
1358 476 1452 509 huius
1474 474 1548 511 libri
1574 475 1757 514 editionem

131 530 326 574 procurauit
344 525 478 563 Carolus
491 526 619 565 Macer,
646 525 816 561 Dominici
831 523 950 566 frater,
978 539 1061 575 quae
1074 524 1200 574 prodiit
1215 527 1345 562 Romae
1367 527 1459 569 1677.
1474 524 1534 562 fol.
1560 538 1591 562 et
1611 531 1757 564 venetiis

129 589 218 621 ¹7¹2·
234 589 265 621 4.
293 580 470 626 Epitomen
488 577 647 611 idiomate
660 575 768 611 italico
785 575 967 625 suppeditat
982 576 1085 612 editio
1106 579 1238 613 Bonon.
1254 580 1346 617 1682.
1361 590 1391 622 4.
1447 579 1591 614 Vrielius
1612 582 1646 614 in
1667 592 1759 616 exer-

133 631 219 664 citat.
237 630 276 665 de
291 627 422 665 ecclesia
438 630 636 664 Graecanica
650 627 813 663 hodierna
832 640 863 676 p.
876 638 929 671 42.
957 629 996 663 Io
1015 630 1114 665 Mela.
1133 627 1491 679 HeinerriiAbbildung
1508 628 1566 666 der
1585 630 1673 667 alten
1686 630 1757 667 und

130 694 240 719 neuen
257 682 390 717 Griech.
406 681 536 715 Kirche.
563 677 647 727 Lips.
666 691 746 721 1711.
773 682 854 715 Part.
875 680 936 715 111.
962 693 995 728 p.
1014 686 1175 724 ¹87·212·
1207 683 1326 717 Suiceri
1347 678 1483 717 thesaur.
1497 681 1665 721 ecclesiast,
1682 694 1766 718 voe.

128 730 298 776 Μήμαιον,
326 729 547 776 Μηνολίγιον.
596 730 725 778 [Carol.
745 732 788 766 du
802 733 939 773 Fresm,
965 733 1065 767 Dum.
1089 734 1133 768 du
1153 732 1264 781 Cangc
1288 735 1323 768 in
1345 729 1509 770 Glossario
1531 733 1620 769 med.
1643 744 1675 769 et
1694 731 1754 772 inf.

127 785 317 820 Graecitatis
332 797 405 820 voc.
420 781 560 826 Μηνρῑὶα,
585 793 616 817 et
632 779 864 831 Μηνολᾶγιον,
897 782 991 832 quod
1017 782 1125 819 eidem
1146 793 1177 819 et
1201 785 1371 820 Bmedieffo
1387 787 1475 820 XIV.
1492 798 1597 834 papae
1610 798 1697 821 rom.
1713 784 1755 820 de

129 838 382 871 canonizatione
398 835 547 871 sanctor..
576 842 657 884 part.
680 837 720 870 11.
745 849 772 871 c.
794 847 843 880 19.
871 847 968 874 num.
985 837 1038 870 26.
1064 845 1096 871 et
1121 837 1170 871 Io.
1193 834 1312 871 Franc.
1332 837 1465 872 Buddeo
1487 839 1526 872 in
1551 836 1686 886 isagoge
1706 837 1756 874 hi-

125 885 266 924 storico·
277 886 428 937 theolog.
444 898 526 923 tom.
541 886 587 922 11.
602 899 637 936 p.
650 892 732 931 804.
753 885 955 937 respondere
967 885 1098 924 videtur
1109 889 1365 938 Martyrologio
1382 900 1536 925 romano,
1562 888 1677 934 Harl]

186 991 292 1032 Sunt,
319 993 375 1040 qui
391 1003 528 1026 menaea
544 999 576 1026 et
590 988 786 1038 menologia
801 987 988 1036 synonyma
1003 988 1067 1027 effe
1081 989 1227 1032 tradant,
1251 1004 1278 1027 e.
1294 1005 1327 1041 g.
1346 993 1446 1027 Iacob.
1464 991 1556 1028 Goar
1569 994 1603 1027 in
1618 989 1752 1028 Eucho-

124 1042 223 1091 logio
239 1041 260 1079 s.
277 1042 384 1078 rituali
401 1045 606 1078 Graecorum
621 1048 680 1077 etc.
704 1039 800 1077 Paris.
816 1044 910 1086 1647.
962 1044 1026 1091 Qi
1034 1044 1091 1077 bus
1108 1041 1296 1078 aduersatur
1307 1044 1374 1079 Leo
1384 1043 1530 1079 Allatius
1546 1046 1581 1078 in
1598 1041 1752 1080 dissertat.

121 1095 229 1135 citata,
257 1097 309 1129 cui
325 1107 402 1129 cum
423 1095 549 1139 Grapio
567 1096 600 1128 in
616 1090 733 1141 disput.
751 1103 934 1129 memorata
949 1093 1148 1143 adstipulor,
1175 1094 1333 1130 statuente
1349 1098 1472 1144 quippe
1489 1096 1520 1142 §.
1537 1106 1584 1138 3.:
1616 1096 1753 1131 IWenaea

122 1144 197 1182 sunt
213 1145 417 1194 prolixiora,
447 1155 478 1180 et
493 1145 588 1191 officia
603 1145 753 1193 quolibet
771 1143 824 1180 die
837 1143 952 1181 sanetis
965 1144 1155 1194 praestanda
1171 1149 1362 1187 continent,
1390 1146 1498 1195 qualia
1522 1146 1595 1182 sunt
1618 1148 1752 1192 hymni,

123 1200 180 1246 qui
195 1200 228 1231 iu
242 1200 408 1232 honorem
425 1208 542 1231 eorum
560 1204 730 1231 cantantur
745 1203 776 1230 et
788 1208 919 1243 precem
946 1209 1031 1244 quae
1047 1200 1241 1231 recitantur:
1266 1198 1453 1245 Ilffenologia
1470 1210 1548 1233 vero
1572 1210 1643 1233 non
1662 1197 1748 1233 adeo

121 1247 254 1297 prolixa
269 1246 358 1292 sunt,
383 1260 460 1282 cum
476 1245 601 1282 nudam
617 1244 776 1281 duntaxat
790 1249 872 1281 vitae
889 1244 1076 1282 sanctorum
1090 1251 1450 1289 commemorationem
1469 1251 1673 1292 contineant,
1695 1249 1750 1286 vel

121 1311 268 1349 quorum
282 1301 365 1333 vitae
379 1311 450 1334 non
466 1297 646 1338 habentur,
674 1296 879 1333 relationem.
932 1299 960 1333 A
974 1296 1125 1335 fratribus
1148 1299 1275 1333 Macris
1298 1301 1332 1334 in
1355 1298 1564 1335 hierolexico
1587 1312 1661 1348 pag.
1677 1311 1748 1344 373.

120 1349 329 1386 obseruatum
345 1349 406 1385 est:
434 1351 603 1387 Mmacum
624 1346 669 1383 est
688 1347 772 1385 liber
787 1348 1016 1386 eeclefiastieus
1033 1348 1187 1385 ecclefiae
1212 1363 1365 1400 graecae,
1400 1353 1433 1386 in
1452 1362 1520 1399 quo
1534 1353 1750 1388 continentur

115 1415 231 1452 preces
246 1413 278 1437 et
293 1403 412 1448 hymni
427 1404 460 1436 in
477 1402 604 1442 choro,
632 1400 790 1436 recitandi
807 1414 867 1450 per
887 1402 952 1438 XII
965 1404 1043 1438 anni
1064 1399 1200 1438 mense&
1253 1402 1473 1451 Mnologium
1497 1415 1575 1438 vero
1599 1401 1643 1437 est
1663 1403 1750 1441 libet

119 1453 350 1490 ecclesiasticus
365 1455 572 1488 Graecorum
585 1478 595 1493 ,
623 1450 691 1487 fiue
704 1451 926 1488 calendarium
947 1451 1137 1503 quoddam,
1165 1454 1199 1488 in
1217 1464 1286 1501 quo
1307 1463 1465 1490 notantur
1484 1451 1672 1491 festiuitates
1694 1469 1749 1492 cu-

120 1508 302 1554 iuscunque
317 1503 437 1540 mensis
452 1514 681 1547 occurrentem,
705 1502 958 1554 sanilorumque
974 1506 1044 1541 atsta
1060 1507 1224 1551 continet,
1253 1519 1336 1555 quae
1349 1504 1391 1541 ad
1412 1508 1612 1542 matutinum
1633 1506 1749 1556 legun.

113 1567 180 1597 tur.
231 1559 284 1593 De
300 1558 431 1606 origine
448 1555 726 1604 menologiorum
743 1565 774 1590 et
789 1569 1005 1592 menaeorum
1019 1569 1094 1591 cum
1113 1557 1240 1603 Grapio
1263 1561 1307 1593 ita
1333 1556 1466 1593 censeo:
1501 1557 1621 1593 Procul
1642 1556 1746 1595 dubio

117 1607 252 1646 ecclesia
272 1622 388 1659 graeca
408 1609 518 1657 primo
535 1607 646 1641 habuit
662 1605 735 1643 suos
741 1607 851 1654 fastos
864 1606 884 1645 s.
903 1607 1086 1644 calendaria
1109 1608 1280 1650 breuiora,
1313 1621 1396 1658 quae
1418 1607 1562 1646 successu
1584 1613 1746 1659 temporis

113 1671 294 1711 augmenta
311 1659 364 1696 sua
376 1668 591 1707 acceperunt,
620 1671 659 1693 ex
678 1660 796 1707 quibus
812 1669 883 1695 orta
906 1657 980 1695 funt
1001 1661 1187 1707 menologia.
1239 1662 1414 1709 Denique,
1444 1659 1608 1697 crescente
1629 1660 1747 1711 paffim

118 1710 364 1762 superstitione,
390 1709 502 1746 officia
517 1722 652 1758 quoque
668 1707 784 1746 sanetis
804 1709 996 1760 praestanda
1025 1723 1085 1759 per
1113 1713 1261 1757 hymnos
1284 1720 1316 1746 et
1338 1724 1449 1760 preces
1471 1711 1540 1747 fine
1564 1711 1666 1748 dubio
1688 1711 1744 1748 ad-

115 1767 183 1802 huc
207 1761 300 1800 fuere
323 1761 453 1804 addita,
480 1772 514 1797 vt
536 1759 614 1796 inde
635 1774 759 1798 menam
778 1761 976 1798 emerserint.
1027 1761 1162 1798 Adhaec
1186 1776 1325 1799 monere
1347 1766 1437 1799 iuuat
1460 1760 1655 1815 συναξοὶςια
1678 1767 1744 1814 epi.

118 1827 235 1853 tomen
249 1829 266 1850 e
282 1817 424 1850 menaeis
438 1822 469 1848 et
485 1813 686 1862 menologiis
701 1814 864 1862 praebere.
893 1818 933 1850 V.
950 1816 1107 1850 Heineccii
1128 1813 1293 1850 Abbildun
1297 1827 1320 1863 g
1341 1825 1402 1850 etc.
1436 1818 1521 1851 Part.
1538 1819 1595 1852 111.
1618 1830 1639 1865 p
1670 1828 1742 1860 273.

117 1879 191 1912 274.
218 1870 302 1903 sixt.
331 1887 378 1893 —
430 1868 483 1902 De
497 1866 692 1913 DiptychiS‚
720 1865 838 1907 Fastis,
864 1865 1086 1907 Kalendariis,
1114 1866 1341 1915 MenologiiS‚
1369 1868 1518 1902 Menaeis
1534 1878 1564 1902 et
1578 1869 1743 1917 Epheme-

119 1920 262 1960 fidibus,
291 1918 443 1966 effigiatis
460 1927 490 1952 et
503 1929 573 1951 non
590 1915 760 1966 effigiatis,
788 1929 974 1967 eorumque
990 1917 1077 1965 apud
1098 1920 1242 1953 Graecos
1264 1917 1452 1953 discrimine
1473 1919 1536 1954 late
1558 1922 1627 1968 agit
1651 1918 1740 1967 Affe-

116 1985 253 2008 mannus
267 1973 300 2006 in
318 1967 521 2006 Kalendariis
539 1967 693 2003 ecclefi-ae
708 1968 893 2011 vniuersae,
930 1980 1010 2005 tom.
1028 1971 1052 2004 1.
1074 1978 1156 2018 part.
1174 1970 1200 2007 Ι,
1223 1981 1293 2016 cap.
1310 1980 1342 2011 7.
1368 1983 1401 2017 p.
1420 1972 1471 2012 76.
1489 1969 1555 2020 sqq.
1583 1980 1614 2005 et
1635 1985 1666 2020 p.
1683 1984 1740 2017 99.

115 2023 179 2072 seq.
207 2021 375 2058 censuram
391 2023 499 2057 Macri
515 2021 547 2054 in
562 2020 801 2070 Menologium
817 2032 867 2067 gr.
883 2019 1102 2063 Basilianum,
1126 2022 1161 2057 in
1178 2019 1288 2056 Addit.
1304 2019 1346 2056 ad
1359 2023 1535 2059 Dominici
1553 2024 1664 2061 Macri
1676 2021 1742 2059 fra-

117 2079 173 2113 tris
186 2074 430 2111 hierolexicum
448 2075 596 2121 iniquam
617 2069 750 2109 refellit.
775 2072 874 2109 Harl.

18 2175 243 2227 [Μηνολὸγιον
266 2178 333 2215 τῶν
354 2175 571 2225 εὐαγγελίων
594 2174 807 2226 ἕσςτοιςικόν.
834 2174 902 2212 siue
923 2175 1152 2211 Kalmdarium
1172 2176 1304 2227 ecclissae
1325 2174 1525 2213 CPolitanac
1543 2180 1615 2213 cla.
1638 2187 1744 2214 anno·

117 2244 191 2268 rum
207 2229 361 2268 vetustate
380 2228 527 2278 insigne,
554 2232 705 2278 primitus
720 2241 738 2263 e
755 2228 951 2264 bibliotheca
971 2240 1109 2263 romana
1130 2228 1334 2264 Albanorum
1352 2231 1385 2263 in
1399 2229 1509 2264 lucem
1528 2227 1675 2278 edi-tum,
1710 2239 1743 2266 et

114 2292 262 2319 veterum
296 2290 595 2316 monumentorum
630 2283 881 2328 comparatione
911 2278 1105 2328 diurnisque
1135 2281 1382 2316 commentariis
1416 2279 1631 2322 illustratum,
1665 2294 1744 2317 cura

121 2334 228 2381 steph.
244 2331 383 2368 Antonii
396 2332 552 2368 Morcelli.
607 2331 777 2368 Accedunt
796 2340 936 2380 quatuor
957 2330 1211 2380 euangeliorum
1234 2331 1419 2367 lectionum
1436 2334 1470 2367 in
1494 2330 1594 2368 codd.
1614 2335 1741 2370 varian-

116 2398 174 2424 tes.
201 2387 431 2427 Romae1788.
446 2386 487 2419 11.
500 2392 623 2427 tom.4.
676 2386 716 2418 In
732 2385 843 2432 priore
859 2393 988 2432 praeter
1002 2381 1194 2431 euangelia,
1223 2395 1282 2432 per
1296 2392 1403 2418 totum
1420 2397 1557 2425 annum,
1582 2382 1626 2420 est
1642 2382 1742 2420 index

117 2438 246 2476 dierum
275 2433 438 2473 festorum
464 2435 566 2473 CPoli
596 2436 657 2473 illo
685 2445 835 2486 tempore
857 2435 1119 2522 celebratorssu
1161 2443 1233 2472 tum
1252 2435 1398 2472 Morcella·
1424 2434 1541 2472 doctus
1566 2449 1744 2473 commen-

1108 2497 1127 2521 2
1643 2498 1743 2523 (anu.
