2023 2656
568 110 666 148 NILI
691 109 894 148 EPARCHI
918 111 1045 147 CPOL.
1069 107 1264 148 SCRIPTA
1363 108 1438 146 Lib.
1457 107 1503 145 V.
1519 107 1720 147 c.2‹.⁷.*1'VJJ.
1772 116 1794 150 7

64 202 127 244 fol.
160 210 289 244 Praeter
300 203 400 242 codd.
416 202 521 240 modo
538 214 740 241 memoratos
756 203 881 240 exstant
897 204 973 240 illae
987 205 1187 239 narrationes
1203 206 1236 238 in
1251 201 1407 239 tredecim
1422 202 1520 239 codd.
1539 201 1614 238 bibl.
1627 200 1789 236 Parisinae

59 260 152 308 publ.
174 258 248 305 (sec.
269 260 361 294 catal.
387 255 485 292 codd.
508 259 605 292 Paris.
629 266 711 292 tom.
734 259 794 296 ΙΙ.)
817 276 868 283 —
905 258 938 290 in
963 253 1062 290 codd.
1091 256 1222 292 Coislin.
1248 255 1394 290 CCLXI.
1414 265 1444 289 et
1463 255 1730 290 CCCLXXXHI.
1759 265 1788 285 v.

61 310 244 356 Montfauc.
261 309 338 344 bibl.
355 308 457 344 Coisl.
479 321 509 355 p.
526 310 600 350 306.
618 318 648 343 et
664 313 735 352 587.
761 327 803 333 -
862 308 970 344 Oxon.
986 310 1022 342 in
1042 304 1117 341 cod.
1133 307 1332 342 Barocciano
1348 307 1558 341 CLXXXIII.
1588 325 1630 331 ·-
1674 303 1788 340 Venet.

9 366 18 373 ⁷
60 363 95 396 in
109 361 208 396 codd.
224 362 363 395 Nanian.
381 360 558 395 CXXX1X.
581 373 630 395 nr.
654 362 684 394 6.
699 369 731 394 et
759 360 874 394 CXLI.
898 372 947 393 nr.
971 369 1002 400 7,
1026 370 1058 391 v.
1081 367 1140 392 cat.
1164 356 1261 392 codd.
1287 370 1336 405 gr.
1354 358 1496 392 Nanian.
1524 371 1556 404 p.
1579 368 1648 398 321.
1673 361 1788 396 et328.

60 413 206 450 Florem.
225 414 260 446 in
279 409 378 446 codd.
398 409 475 445 bibl.
493 412 589 446 Laur.
606 409 731 445 Medic.
746 409 870 445 XVIII.
885 423 934 444 nr.
952 419 1001 452 25.
1018 408 1100 457 plut.
1117 421 1149 452 9.
1167 420 1198 443 et
1213 411 1300 444 XXI.
1320 421 1371 443 nr.
1389 409 1419 442 6.
1435 408 1519 455 plut.
1540 419 1579 441 ιι.
1601 421 1628 441 v.
1646 408 1788 441 Barndm.

50 473 120 498 cat.
135 461 235 498 codd.
249 476 298 511 gr.
315 464 468 497 Laurent.
484 463 508 496 1.
525 476 558 509 p.
574 473 642 504 421.
657 459 700 509 sq.
719 461 788 506 (vbi
809 471 1051 496 commemorat
1066 457 1163 495 codd.
1179 463 1355 497 Vaticanos
1379 468 1411 494 et
1427 458 1595 498 Sirletan.)
1616 472 1652 493 ac
1668 471 1697 505 p>
1723 467 1788 501 515.

61 515 183 550 Ona'in.
201 513 222 547 l.
238 526 266 547 c.
280 526 311 561 p.
331 515 420 558 1256.
441 511 597 552 adnotat,
624 512 694 547 illas
707 515 912 547 narrationes
929 508 970 544 de
993 511 1138 559 patribus
1162 514 1196 546 in
1219 522 1336 546 monte
1352 511 1446 550 Sina,
1474 511 1508 544 in
1526 511 1601 546 MS.
1623 509 1699 544 cod.
1718 508 1788 544 Gd-

58 567 181 600 bea-tino
203 564 586 601 MMMMDCCXXVI.
610 562 779 611 Anastasto
802 563 948 596 monacho
971 561 1028 596 sub
1052 563 1120 597 hoc
1146 562 1241 597 titulo
1267 562 1383 597 tribui:
1419 558 1611 600 Ἀναςοισίὸ
1630 560 1790 607 Μενοιχὲ

58 611 223 661 ὃιηγήάεις
239 612 393 665 διάφοροι
410 614 491 664 περὶ
511 614 577 653 τῶν
598 616 629 651 ἓν
649 614 735 652 Σινοῖ
760 614 868 661 ἁγίων
895 613 1076 661 πατέρων,
1102 610 1278 663 additque„
1302 612 1398 653 inde,
1425 615 1496 662 quis
1519 612 1653 647 illarum
1673 619 1790 646 auctor

58 666 118 710 fit,
145 681 216 704 non
233 667 390 703 constare.

219 764 253 798 3.
283 753 402 788 Oratio
416 753 450 785 in
464 749 656 792 Albianum,
681 751 863 786 monachmn
884 749 1096 796 Nitrimfem,
1124 763 1175 799 gr.
1199 759 1232 785 et
1248 748 1302 789 lat,
1325 749 1564 785 narrationibus
1584 747 1754 786 subiundla
1770 762 1788 784 a

51 801 194 842 ,Poffino
205 832 215 847 ,
243 812 274 838 et
289 806 394 838 variae
410 802 497 838 lectt.
516 803 557 837 ab
574 802 697 839 Allatio
716 801 757 837 ad
773 802 897 837 calcem
912 801 1133 850 Epistolarum
1148 800 1218 837 Nili
1233 800 1306 837 sunt
1322 800 1439 836 editae.

224 902 256 932 4.
284 889 400 935 Capita
414 891 616 934 paraenetica
629 901 697 934 229,
750 887 867 937 Χρυσοῖ
880 883 990 926 Neine
1005 882 1176 926 ἔπισκὲπε
1193 901 1251 933 καί
1264 882 1456 937 pierwez-3
1482 883 1561 922 serie
1577 885 1787 935 alphabetica.

57 941 127 976 Has
139 938 321 980 sententias,
348 939 370 979 s.
389 939 587 982 Par-aeneses‚
603 943 675 979 alo.
693 942 852 981 Hontero,
867 938 1074 979 Coroneuss,
1104 942 1139 973 in
1165 939 1241 974 bibl.
1267 938 1410 987 quadam
1427 937 1635 973 vetussiffima
1658 940 1692 973 in
1705 940 1789 973 Wa-

55 991 162 1028 lachia
179 1003 318 1039 repertas
334 1001 364 1026 et
380 992 540 1027 Michaeli
561 990 719 1027 Neandro
740 991 780 1026 ab
800 993 911 1025 amicis
932 988 1197 1025 eTranfiluania
1218 988 1345 1030 missas,
1368 989 1519 1026 laudatus
1541 991 1695 1027 Neander
1720 991 1788 1039 pri-

55 1055 130 1079 mus
143 1056 194 1092 gr.
211 1055 287 1078 cum
304 1041 358 1078 sua
375 1042 431 1078 lat.
450 1041 600 1078 verslone
618 1042 720 1078 edidit
735 1052 766 1077 et
781 1040 957 1091 inscripsit:

223 1123 335 1166 Νείλε·
354 1124 524 1166 ἒπισκὸπε
538 1123 596 1175 »ῳᾷ
609 1124 784 1178 μάρτυρος
797 1124 983 1174 κεφάλαια
1001 1122 1020 1168 ἢ
1034 1128 1261 1176 παραινέσεις.
1288 1128 1361 1163 Nili
1374 1127 1506 1174 episcopi
1521 1134 1551 1162 et
1564 1127 1720 1172 martyris
1740 1136 1789 1160 ca-

5 1213 10 1217 ,
47 1182 143 1226 pita,
160 1178 222 1225 seu
237 1182 473 1225 praeceptiones
491 1181 528 1214 de
548 1181 616 1214 vita
629 1183 700 1224 pie,
734 1179 899 1226 christiane
923 1190 958 1212 αι·
977 1178 1099 1223 honeste
1119 1181 1290 1225 exigenda,
1327 1181 1556 1226 graecolatine:
1590 1192 1610 1212 a
1636 1176 1789 1211 Michaele

55 1231 228 1270 Neandro,
256 1230 451 1276 Sorauienfi,
468 1229 633 1276 comceffae
646 1237 676 1265 ct
690 1231 855 1278 mprgfitae.
908 1227 1000 1262 Bafil.
1016 1240 1075 1275 per
1090 1230 1139 1262 Io.
1150 1231 1295 1277 Oporin.
1313 1230 1355 1264 In
1370 1229 1454 1264 fine:
1477 1228 1569 1267 Baffl.
1595 1246 1646 1254 —
1674 1229 1726 1263 M.
1742 1230 1785 1263 D.

52 1282 140 1318 LIX.
157 1279 397 1325 (1559.).n1ense
412 1279 574 1328 Augusto.
590 1291 621 1323 4.
676 1284 714 1316 ln
730 1279 955 1321 dedicatione,
982 1277 1097 1327 scripta
1113 1287 1193 1324 1558.
1210 1278 1280 1327 ipso
1296 1279 1348 1315 die
1365 1281 1472 1316 Mich.
1485 1279 1692 1328 archangeli,
1720 1282 1787 1321 (in-

53 1330 96 1368 de
112 1329 236 1367 factum
252 1329 334 1374 effe,
360 1332 518 1372 arbitror,
547 1330 716 1367 vt'Fabrie.
741 1345 813 1367 eam
831 1330 908 1367 edit.
933 1344 963 1366 a.
980 1338 1062 1375 1558.
1090 1330 1266 1379 prodiisse,
1294 1329 1486 1377 scriberet‚)
1510 1331 1666 1367 Neander
1684 1330 1788 1379 profi·

50 1391 159 1424 tetur,
182 1381 214 1419 se
229 1396 363 1432 graeca,
391 1395 474 1430 quae
491 1393 644 1430 corrupta
660 1380 778 1424 essent,
806 1379 1003 1421 correxisse,
1029 1392 1085 1416 aut
1100 1384 1153 1422 (in
1167 1384 1334 1431 margine)
1358 1381 1468 1419 desua
1496 1382 1672 1424 sententia,
1701 1395 1788 1432 quo·

50 1434 158 1470 modo
180 1433 359 1480 legendum
376 1432 473 1475 efflet,
501 1432 684 1470 declarasse.
738 1432 909 1470 Praemissa
924 1433 969 1468 est
985 1432 1146 1482 quaedam
1161 1433 1320 1468 Nilorum
1345 1437 1473 1470 notitia.
1525 1435 1677 1469 Textum
1699 1437 1786 1469 exei-

49 1489 147 1534 piunt
161 1483 405 1521 obseruationes
420 1488 654 1533 grammaticae
668 1496 766 1534 atque
782 1488 977 1532 exegeticae‚
1007 1504 1054 1510 ——
1083 1483 1210 1520 Recusa
1228 1482 1272 1519 est
1286 1484 1342 1520 illa
1359 1485 1474 1528 editio,
1499 1484 1625 1528 (indice
1637 1483 1784 1529 omisso.)

48 1539 85 1572 in
99 1537 197 1572 altera
212 1546 302 1585 parte
319 1537 439 1582 Operis
452 1539 558 1578 aurei,
585 1536 624 1571 ab
641 1536 761 1572 eodem
775 1538 930 1572 Neandro
946 1535 1043 1571 editi.
1071 1535 1198 1582 Lipsiae
1213 1547 1301 1580 1577.
1316 1550 1391 1585 pag.
1410 1549 1434 1572 ι.
1449 1536 1520 1586 sqq.
1551 1556 1598 1563 —
1650 1538 1784 1572 Senten-

49 1592 112 1624 tiae
126 1587 199 1623 illae
214 1585 410 1631 (adnotante
425 1587 611 1629 Fabricio.)
641 1585 770 1623 recusae
785 1587 856 1623 sunt
871 1601 921 1636 gr.
945 1596 977 1621 et
999 1587 1053 1621 lat.
1070 1600 1146 1622 cum
1161 1586 1328 1627 Neandri.
1354 1595 1456 1625 (non,
1484 1590 1584 1630 zeni,
1610 1598 1644 1623 vt
1667 1587 1783 1637 prodi-

49 1639 168 1676 demut
183 1640 328 1675 Labbem
343 1650 421 1674 tom.
445 1641 485 1674 Π.
502 1637 542 1673 de
556 1637 704 1687 scriptor.
723 1638 835 1675 eccles.
849 1652 924 1687 pag.
941 1649 1011 1681 124.
1028 1648 1059 1673 et
1076 1640 1237 1687 Suarestus
1251 1651 1282 1686 p.
1297 1640 1370 1683 625.
1384 1638 1426 1674 ad
1442 1640 1512 1675 Nili
1529 1638 1703 1687 opuscula,
1727 1639 1783 1675 vbi

47 1704 68 1728 e
82 1689 198 1726 codice
212 1691 388 1725 Barberino
403 1688 663 1726 additamentum
680 1689 849 1738 quoddam
867 1689 1041 1726 sententiae
1056 1701 1108 1733 97.
1125 1687 1333 1725 submistum
1348 1703 1398 1740 gr.
1415 1700 1446 1726 et
1461 1691 1515 1726 lat.
1532 1691 1682 1732 exhibet,
1711 1688 1780 1726 sen-

47 1746 157 1779 tentiis
173 1740 248 1790 ipsis
269 1744 302 1776 in
323 1740 524 1777 collectione
546 1739 599 1777 sua
622 1739 783 1786 omissis3)
809 1740 960 1777 versione
982 1743 1016 1775 in
1037 1750 1133 1776 tomo
1154 1743 1180 1776 1.
1197 1740 1558 1791 Orthodoxographor.
1585 1743 1730 1786 Grynaei
1752 1756 1779 1778 a.

48 1795 138 1839 1569.
162 1793 230 1829 vol.
251 1795 276 1828 1.
293 1805 365 1841 pag.
391 1794 462 1836 169.
485 1791 554 1841 sqq.
581 1803 652 1828 tum
676 1796 711 1828 in
735 1805 854 1841 graeco
868 1793 921 1831 lar.
939 1793 1084 1828 auctario
1107 1792 1182 1828 bibl.
1200 1803 1330 1841 patrum
1344 1795 1543 1833 Ducamno,
1569 1795 1666 1829 Paris.
1691 1794 1780 1837 1624.

46 1844 110 1882 fol.
128 1855 210 1880 tom.
231 1845 273 1879 11.
291 1856 321 1892 p.
338 1846 428 1883 1168.
480 1843 627 1880 Neandri
648 1847 876 1892 interpretatio
899 1846 1043 1879 occurrit
1070 1856 1205 1893 quoque
1230 1847 1261 1879 in
1285 1844 1498 1880 Bibliothecis
1519 1854 1648 1892 patrum
1670 1845 1779 1880 latinis

47 1907 131 1942 1575-
151 1905 182 1930 et
201 1901 289 1940 ¹589·
308 1897 402 1930 Paris.
422 1904 453 1930 et
467 1909 494 1930 a.
511 1897 598 1929 1610.
615 1905 696 1931 tom.
715 1898 772 1931 IV.
789 1907 820 1930 et
835 1893 942 1944 Lugd.
960 1908 986 1930 a.
1004 1896 1096 1938 1677.
1110 1907 1189 1930 tom.
1216 1899 1239 1930 I.
1254 1909 1285 1944 p.
1312 1906 1397 1939 1147.
1424 1905 1455 1930 et
1479 1898 1512 1930 in
1535 1896 1617 1930 Ribl.
1644 1905 1777 1944 patrum

44 1949 144 1986 Paris.
169 1959 289 1996 graeco
310 1946 363 1981 lat.
387 1956 469 1982 tom.
494 1947 584 1981 X111.
610 1948 707 1982 Paris.
737 1949 829 1989 1644.
854 1948 941 1990 1654.
1007 1948 1130 1981 Latinis
1153 1945 1296 1983 versibus
1321 1945 1463 1982 reddidit
1479 1945 1773 1988 Amomlllcierm,

44 2000 239 2036 Vlereranus
256 1996 414 2038 mandes.
440 2000 608 2034 Cameraci
635 2000 712 2042 1561.
735 2009 766 2041 4.
793 2000 988 2034 Germanice
1012 2000 1240 2046 interpretatus
1264 1998 1308 2033 est
1331 2008 1361 2034 et
1381 2000 1413 2034 S.
1436 2000 1585 2033 Macario
1608 1997 1773 2034 subiunxit

45 2050 228 2096 Godfridus
242 2048 410 2084 Aruola'us
425 2052 457 2084 in
476 2050 573 2083 huius
589 2047 836 2086 verdeutschten
856 2046 1022 2085 Schriften
1042 2048 1096 2084 des
1113 2052 1156 2085 H.
1172 2053 1311 2086 Macarii
1328 2063 1357 2084 v.
1376 2049 1533 2090 anderer,
1562 2062 1593 2097 p,
1617 2059 1769 2095 393-1521.

44 2102 174 2140 Goslar.
189 2112 281 2143 1702.
296 2099 418 2140 8..add.
434 2098 476 2135 ad
491 2115 539 2136 nr.
555 2112 586 2145 9.
612 2121 664 2128 —
715 2101 862 2137 Allatius
879 2100 988 2136 laudat
1003 2099 1055 2135 ed.
1068 2101 1175 2150 Lugd.
1192 2104 1259 2138 Bat.
1281 2114 1320 2137 ex
1344 2100 1432 2136 offic.
1448 2102 1584 2136 Plantin.
1606 2116 1656 2149 ap.
1672 2103 1770 2136 Fran-

45 2152 117 2190 cisc.
134 2153 341 2200 Rapbeleng.
365 2163 456 2196 1590.
472 2159 504 2192 8.
533 2172 580 2178 -
635 2151 720 2189 Add.
741 2155 919 2188 Sententiae
932 2153 1021 2192 Nili,
1047 2152 1192 2202 episcopi
1212 2164 1241 2188 et
1256 2156 1420 2198 martyris,
1444 2156 1588 2187 carmine
1602 2151 1766 2199 expressae

43 2217 102 2255 per
125 2205 293 2240 Msswslmn
323 2205 477 2247 'sva-itm,
499 2204 724 2247 Rhoedcum.
770 2215 856 2251 1543.
879 2209 910 2245 8.
935 2207 970 2242 in
995 2205 1100 2241 calce:
1141 2208 1356 2254 Argentorati
1377 2218 1428 2255 ap.
1451 2209 1588 2242 oraton.
1611 2205 1766 2253 Mylium

41 2257 94 2294 Μ.
103 2258 144 2293 D.
159 2256 278 2293 XLIII.
294 2269 341 2293 m.
357 2260 444 2306 Aug.

1693 2310 1766 2347 Nili
