2023 2656
1437 148 1511 187 Lib.
1526 144 1700 186 VKc-XV.
1726 157 1810 190 ›139ss

75 151 331 188 Vol-V¹¹¹·P·¹4⁶
561 152 611 188 IN
629 150 784 188 ‘TOMo
812 153 838 188 1.
866 150 938 187 ED.
970 146 1242 187 PARJSIENSIS

77 188 330 204 ff

173 251 310 296 eiusque
323 249 536 295 interpretem
553 245 805 288 Leunclauium,
832 243 1093 282 Combefifianas
1109 246 1144 279 in
1158 244 1279 279 Franc.
1297 241 1485 293 Combefisti,
1511 244 1609 291 regiis
1624 240 1805 279 Parifiensi—

173 300 231 335 bus
256 296 356 334 codd.
372 297 437 339 vsi,
465 296 584 333 Bafilio
603 297 761 333 recensito
778 308 859 333 tom.
877 300 902 332 1.
918 311 950 346 p.
969 298 1053 341 566-
1066 306 1141 340 597,
1166 296 1299 342 Septem
1318 297 1443 344 egregii
1457 296 1553 330 huius
1569 293 1645 329 libri
1661 292 1807 342 Nggffeni·

171 353 227 386 am·
243 348 373 385 codices
399 352 476 385 msti
498 348 623 384 exstant
649 351 682 384 in
706 349 784 384 bibl.
809 347 983 389 Caesarea,
1008 346 1049 382 de
1070 346 1189 396 quibus
1213 349 1399 382 Lambecius
1423 348 1448 385 Ι.
1469 360 1502 395 p.
1526 356 1581 389 97.
1606 345 1657 392 [p.
1678 358 1726 390 9¹·
1750 356 1804 390 92,

170 413 222 446 93.
239 412 308 436 212.
325 411 355 437 et
374 414 406 450 p.
423 403 496 435 262.
514 410 611 449 atque
626 399 693 439 vol.
710 403 772 436 111.
785 414 820 448 p.
839 402 913 440 286,
930 408 1113 448 notamque
1129 411 1158 432 v.
1174 399 1312 433 Kollarii
1324 411 1357 446 p.
1375 405 1445 440 987.
1462 397 1503 433 de
1517 394 1593 431 cod.
1609 398 1710 432 LXII.
1726 410 1802 445 pag,

165 460 242 498 289.
262 450 302 487 de
318 452 394 492 cod.
408 453 528 488 LXIII.
545 463 575 499 p.
593 462 667 497 294.
689 450 729 486 de
745 450 820 487 cod.
836 453 951 487 LXIV.
970 463 1002 499 p.
1020 460 1084 494 315.
1100 448 1141 484 de
1165 447 1240 485 cod.
1256 449 1372 494 LXVJ
1391 448 1454 498 seq.
1469 451 1529 484 111.
1553 460 1628 496 pag.
1646 459 1718 491 109.
1739 446 1800 495 seq.

169 515 233 539 112.
252 501 314 553 seq.
332 515 397 547 114.
417 501 480 552 seq.
500 505 586 538 inter
600 504 662 537 alia
677 502 870 545 obserumrs,
900 501 992 552 quod
1015 501 1255 537 Leunclauium
1269 528 1278 543 a
1310 505 1483 537 Ducaeum
1508 510 1540 536 et
1556 496 1802 534 Combefifium

167 553 273 603 fugit,
302 558 336 590 in
350 555 507 590 lemmate
522 557 636 602 capitis
651 557 706 590 XI.
723 554 905 604 legendum
925 551 977 592 ἕτι
994 550 1192 602 οἰθεῶρητος
1214 554 1232 598 ἡ
1247 553 1294 592 τέ
1309 554 1348 592 v&
1366 552 1490 601 (pio-15,
1518 565 1588 587 non
1603 558 1639 586 ut
1655 547 1732 586 editi
1743 577 1752 593 ,
1782 550 1799 594 ἦ

165 606 212 644 r?
230 602 413 654 ὤνθρώπε.
440 607 542 641 Fabr.
596 605 685 641 Add.
706 606 782 641 cod.
796 604 910 642 caesar.
928 607 1062 641 CCXV.
1079 619 1129 641 nr.
1148 616 1180 648 7.
1197 618 1250 653 ap.
1266 606 1377 641 Lamb.
1395 610 1436 641 V.
1452 618 1483 653 p.
1501 615 1574 648 540.
1604 622 1653 629 —
1679 603 1797 650 Angit-

143 657 230 705 ,βαρ
247 658 374 694 Vindel.
393 659 473 706 περ)
489 657 715 701 κατασκευῆς
729 657 775 696 τέ
787 655 978 707 ὤνθρώπε,
1007 656 1084 692 teste
1097 655 1226 703 Rezsew
1242 669 1272 704 p.
1291 667 1343 698 30.
1362 656 1451 692 catal.
1469 659 1526 704 qui
1543 663 1708 702 praeterea
1723 666 1796 688 mo-

163 718 219 745 net
238 711 272 744 in
289 708 410 744 eodem
427 707 501 743 cod.
518 708 642 744 exstare
658 710 776 758 Bastlii
793 709 947 744 homilias
961 711 1015 744 XI.
1035 710 1067 743 in
1080 710 1229 757 primum
1249 717 1345 755 caput
1363 706 1477 744 Genes-
1505 705 1527 742 s.
1544 708 1795 744 Hexa'e‘merm„

166 770 198 795 et
221 757 300 795 duas
325 772 439 795 earum
465 758 661 808 posteriores
683 759 819 795 adscribi
835 761 998 806 Gregorio
1014 758 1172 807 Nyffino,
1194 757 1268 799 sed,
1298 758 1407 794 iudice
1432 756 1656 797 Hoeschelio,
1684 769 1795 804 perpe-

163 825 253 852 ram,
287 810 434 846 eiusdem
458 808 595 859 quidem
617 815 824 860 argumenti,
859 825 921 851 nec
944 823 1023 846 vero
1043 809 1193 846 eiusdem
1212 808 1375 845 methodi.
1405 830 1454 837 —
1508 812 1548 845 ln
1570 805 1647 843 cod.
1666 807 1794 844 Coislm.

165 865 378 898 CCXXVIII.
397 860 458 898 fol.
481 863 533 904 63.
552 874 580 896 V.
597 862 783 908 Montfauc.
802 862 878 897 bibl.
897 863 1001 898 Coisl.
1016 875 1090 910 pag.
1108 867 1183 901 280.
1213 880 1264 887 —-
1323 862 1460 898 Taurini
1475 864 1509 896 in
1527 859 1605 895 bibl.
1629 872 1696 907 reg.
1718 856 1793 894 cod.

163 916 279 951 LXXI.
302 912 395 962 supra
412 916 478 948 iam
501 911 656 955 laudato,
685 924 716 949 et
739 912 817 950 cod.
841 915 1085 950 CCCLXVHI.
1106 909 1279 962 praemissa
1294 911 1336 948 ad
1361 916 1494 949 Petrum
1511 910 1657 959 epistola.
1682 925 1711 945 v.
1733 919 1793 944 cat.

161 963 263 1002 codd.
279 966 385 1000 Taur.
399 978 432 1013 p.
451 966 520 1005 168.
537 973 569 999 et
584 966 659 1007 486.
711 967 764 1001 De
781 966 852 1001 aliis
864 964 963 1000 codd.
985 978 1017 1000 v.
1042 964 1083 999 ad
1100 973 1171 999 not.
1194 966 1343 1012 priorem
1365 974 1396 999 et
1413 965 1444 1012 ᾗ.
1466 960 1615 1012 praeced.
1640 964 1672 995 iu
1695 962 1792 995 notit.

142 1014 260 1053 codd.
286 1017 385 1053 Harl.
412 1035 463 1042 —
514 1028 544 1051 v.
558 1016 686 1051 Fabric.
705 1015 746 1052 de
762 1018 898 1052 veritate
919 1015 1011 1065 relig.
1028 1015 1221 1052 christianae
1244 1028 1314 1064 cap.
1336 1018 1380 1052 11.
1400 1017 1431 1063 §.
1446 1026 1497 1053 20,
1516 1027 1548 1063 p.
1568 1015 1622 1053 86.
1676 1013 1791 1050 Heum.

58 1132 86 1164 3.
115 1122 154 1156 In
168 1118 266 1155 verba
283 1115 398 1154 Genes.
424 1120 449 1154 Ι.
465 1118 517 1152 26.
535 1118 701 1163 faciamus
721 1117 873 1153 hominem
894 1118 940 1152 ad
959 1119 1127 1165 imaginem
1151 1124 1182 1152 et
1184 1118 1426 1166 similitudinem
1447 1115 1605 1162 nostram,
1632 1114 1792 1150 homiliae

159 1170 252 1206 duae·
304 1171 400 1205 Prior
413 1169 529 1217 incipit
541 1181 651 1217 p-139.
667 1168 811 1207 παλαιέ
826 1169 935 1217 χρέες
947 1168 1070 1206 ἔκτισιν
1084 1165 1351 1217 οἱποπληξαῖσων
1367 1164 1445 1212 ἥκω.
1500 1167 1666 1202 Posterior
1678 1179 1711 1214 p.
1729 1177 1789 1209 153·

159 1223 199 1261 '0
213 1222 273 1271 μέν
290 1219 398 1269 σοφός
413 1218 585 1268 Σολομῶν.
636 1221 844 1256 Exi-‚ibentur
860 1223 894 1255 in
909 1221 1144 1269 graecolatinis
1159 1219 1300 1264 Nyffeni
1315 1219 1516 1255 editionibus
1532 1231 1608 1253 cum
1622 1217 1723 1253 latina
1739 1219 1787 1251 iu-

159 1275 394 1322 terpretatione
409 1272 505 1307 Petri
526 1273 683 1320 Fi‘ancg'fci
698 1274 797 1313 Zim',
825 1274 943 1307 Venet.
961 1281 1043 1315 1553.
1059 1281 1090 1306 et
1104 1282 1191 1316 1574.
1209 1278 1240 1311 8.
1267 1271 1366 1311 edita.
1420 1273 1502 1306 Sunt
1523 1279 1633 1305 autem
1653 1267 1788 1304 eaedem

159 1338 237 1362 cum
252 1323 304 1365 ii's',
329 1336 412 1372 quae
429 1332 597 1372 tamquam
614 1323 754 1359 homilia
769 1325 809 1362 Χ,
825 1332 856 1358 et
876 1325 935 1358 XI.
958 1321 1071 1358 subiici
1092 1320 1200 1358 solent
1225 1325 1437 1359 Hexae'mero
1458 1321 1566 1358 Basilii
1590 1323 1624 1355 in
1646 1321 1788 1367 antiquis

156 1375 304 1413 eiusdem
323 1385 387 1409 tam
402 1377 526 1421 graecis
540 1388 641 1424 quam
656 1374 763 1410 latinis
779 1373 999 1415 editionibus,
1026 1383 1062 1409 vt
1076 1376 1112 1409 in
1126 1374 1243 1410 Bafitio
1257 1388 1290 1424 p.
1307 1387 1364 1419 70.
1381 1373 1446 1424 seq.
1463 1374 1541 1420 [vet.
1556 1370 1624 1418 ed.]
1640 1369 1786 1407 dicemus

152 1429 208 1464 vbi
223 1430 322 1464 etiam
333 1428 384 1461 'de
398 1426 470 1462 aliis
485 1427 643 1462 harumce
658 1426 876 1462 homiliarum
892 1425 1134 1474 interpretibus,

53 1544 85 1577 4.
113 1530 193 1583 Περὶ
210 1530 258 1570 r?
270 1529 334 1573 [31¹8
355 1531 528 1569 Μωῦσέως
545 1529 593 1569 'ri'
614 1529 808 1578 νομοθέτει
835 1525 855 1573 ἢ
881 1529 960 1579 περὶ
982 1528 1044 1572 'tric
1066 1526 1151 1568 κατ’
1175 1526 1299 1580 οἷςετῆν
1321 1525 1557 1573 τελειὸτητος,
1580 1529 1648 1563 vita
1666 1525 1788 1576 Moysis

153 1582 294 1627 mystice
321 1592 483 1622 enarrata,
527 1579 776 1631 perfectamque
799 1578 984 1616 formulam
1015 1579 1149 1616 viuendi
1172 1582 1307 1617 cuilibet
1330 1581 1521 1617 Christiano
1552 1577 1784 1629 praescribens.

155 1636 293 1682 Incipit:
319 1630 380 1671 0va
392 1649 426 1672 τι
444 1630 610 1680 τείχεσιν
626 1637 654 1672 οἱ
668 1634 734 1672 τᾶν
758 1632 910 1672 ἱππικῶν
932 1627 1075 1681 οἰγῶνων
1099 1631 1366 1681 φιλοθεάμονες.
1391 1645 1424 1681 p.
1443 1635 1511 1674 167,
1566 1632 1671 1666 Vertit
1686 1629 1787 1665 Geor·

146 1686 228 1737 'gius
247 1686 506 1732 Trapezzmtius,
531 1683 703 1735 separatim
725 1688 874 1721 Viennae
889 1696 972 1730 1527,
987 1686 1014 1732 ‘¹)
1034 1683 1124 1733 apud
1146 1687 1197 1721 Io.
1216 1686 1472 1734 Grai-iperium,
1498 1693 1530 1731 et
1540 1681 1635 1719 Basll.
1652 1692 1733 1727 1521.
1753 1691 1787 1766 4‘i

1699 1744 1762 1782 apu

943 1870 1002 1895 eat.
1023 1862 1134 1906 scripta
1155 1864 1195 1893 est
1208 1874 1225 1894 a
1247 1863 1293 1895 Io.
1319 1863 1488 1904 Grempero
1503 1862 1579 1904 (quir
1595 1860 1697 1892 editor
1716 1858 1786 1897 fuit,

93 1864 130 1908 q)
150 1864 267 1896 Fabi-ic.
283 1865 312 1893 et
323 1861 509 1906 Oudiuus¹p.
519 1869 581 1901 598.
598 1863 669 1906 (vbi
686 1862 723 1894 de
739 1864 799 1894 hoc
815 1874 891 1906 opu-

944 1918 1017 1943 11011,
1034 1908 1268 1949 typographus‚)
1289 1907 1327 1937 ad
1336 1909 1448 1945 Georg.
1465 1905 1639 1947 episcopum
1648 1903 1785 1936 Vindob.

51 1909 133 1939 sculo
148 1907 241 1947 egit,)
264 1914 404 1937 errarunt
416 1909 448 1936 iu
464 1909 536 1936 anni
550 1916 634 1937 nota.
678 1907 836 1949 Exemplar
851 1908 892 1937 est

51 1955 83 1982 in
100 1950 174 1981 bibl.
190 1949 329 1990 Erlang.
349 1958 380 1979 et
397 1949 593 1991 inscriptum:
623 1949 773 1990 Gregorii
787 1949 891 1991 Nyffl-

50 1996 84 2026 m*
107 2011 146 2017 —
170 1993 208 2023 de
230 1995 312 2023 vitae
332 1991 538 2033 perfectione,
562 1991 583 2021 s.
600 1994 663 2022 vita
677 1994 790 2029 Moyfi,
812 1992 892 2022 liber

50 2036 216 2070 vtiliffimus
231 2046 285 2077 per
301 2036 482 2072 Gregorium
491 2037 735 2077 Trapezuntium
749 2046 766 2065 e
781 2046 890 2072 graeco

51 2084 83 2111 in
99 2080 226 2110 latinum
240 2077 418 2113 conuersus,
442 2086 471 2107 et
488 2080 548 2108 iam
564 2080 695 2119 primum
712 2080 742 2108 in
765 2077 891 2108 solidio-

50 2126 92 2155 ris
116 2122 272 2152 dochinae
295 2119 495 2150 studiosorum
518 2120 775 2156 emolumentum,
799 2131 890 2162 quam

51 2168 118 2198 fieri
135 2166 253 2206 potuit,
285 2163 501 2200 castigatiffima
525 2164 716 2205 impressione
741 2163 889 2200 vulgatus.

50 2209 95 2242 Ad
112 2209 254 2239 lc&0rem
276 2206 462 2239 Vadianus:
484 2207 575 2243 Qiod
587 2206 636 2236 sua
652 2208 820 2244 Cornigero
837 2208 889 2236 tri-

49 2254 179 2283 buerunt
195 2249 310 2280 saecula
326 2251 401 2280 Mofi
417 2257 472 2279 etc.
491 2249 574 2288 (sunt
591 2252 644 2280 1V.
667 2250 816 2285 disticha.)
854 2253 888 2279 In

51 2295 145 2326 calce:
169 2293 345 2334 Impreffiun
361 2294 497 2323 Viennae
506 2293 678 2322 Pannoniae
694 2302 748 2333 per
761 2294 890 2322 Hieron.

50 2340 219 2369 Victorem.
263 2336 399 2377 Expentis
415 2333 566 2364 Leonardi
581 2344 610 2364 et
627 2338 724 2365 Lucae
743 2334 891 2370 Alaudae,

48 2382 187 2412 fratrum.
233 2379 336 2410 Mense
359 2381 430 2409 Dec.
452 2380 608 2409 MDXVH.
625 2378 734 2419 (1517·)
755 2389 785 2415 4.
800 2376 891 2408 Dedi·

943 1949 1030 1980 Plura
1040 1950 1077 1979 de
1101 1952 1157 1980 hac
1176 1949 1247 1980 edit.
1265 1949 1479 1980 animaduertit
1497 1949 1595 1981 Denis
1610 1950 1655 1978 iu:
1679 1949 1784 1977 Wiens

943 1992 1133 2023 Buchdruck.
1151 1992 1328 2023 Geschichte
1345 2004 1412 2034 pag.
1430 1996 1494 2031 176.
1511 1992 1572 2032 sqq.
1588 1993 1640 2032 qui
1657 1989 1784 2030 suspica-

944 2039 1011 2071 tur,
1054 2039 1254 2077 Gremperum
1277 2035 1359 2065 vsum
1381 2035 1468 2065 fuisse
1498 2034 1565 2065 cod.
1589 2044 1634 2071 gr.
1657 2034 1784 2064 Coruin.

944 2079 1023 2107 Anni
1040 2085 1141 2108 uotam
1159 2080 1220 2107 iam
1243 2079 1322 2107 reete
1344 2077 1492 2108 indicauit
1510 2075 1612 2119 Apost.
1627 2076 1738 2107 Zenus
1753 2078 1784 2106 in

943 2119 1156 2150 niffen-tanoni
1180 2121 1320 2151 Voffiane
1342 2129 1414 2150 tom.
1428 2124 1467 2150 11.
1483 2132 1512 2162 p.
1534 2126 1558 2152 8.
1577 2119 1614 2149 de
1632 2120 1783 2156 Gregorio

943 2164 1165 2203 Trapezuutio.
1188 2163 1360 2194 Cratandri
1369 2162 1439 2193 edit.
1456 2163 1599 2204 inscripta
1610 2164 1664 2193 est:
1687 2162 1784 2203 Greg.

943 2204 1068 2247 Nyffl'm'
1083 2207 1249 2241 -Mystica
1262 2206 1410 2236 mosaicae
1430 2208 1511 2237 vitae
1532 2207 1695 2242 enarratio,
1717 2215 1784 2247 per-

944 2246 1053 2278 sectam
1090 2247 1253 2278 formulam
1289 2248 1414 2279 viuendi
1454 2249 1578 2279 cuilibet
1614 2249 1783 2279 Christiano

943 2290 1160 2333 praescribens,
1183 2293 1293 2329 Geor-g.
1310 2294 1443 2333 Trapez.
1460 2294 1634 2334 interprete.
1651 2291 1734 2322 ssafil.
1751 2293 1782 2321 in

944 2333 1011 2363 aed.
1031 2333 1125 2365 Andr.
1144 2333 1313 2364 Cratandri.
1338 2342 1410 2371 1521.
1427 2346 1457 2371 4.
1481 2335 1523 2364 ib.
1548 2340 1627 2372 1562.
1645 2346 1675 2371 4.
1699 2338 1781 2365 Crat-

943 2376 1011 2407 and.
1034 2378 1065 2408 ’111
1087 2375 1183 2420 praef.
1199 2379 1376 2419 profitetur,
1401 2377 1429 2407 se
1446 2378 1646 2408 Viennensem
1659 2376 1706 2407 ed.
1721 2388 1782 2407 non

1649 2429 1782 2462 aequare
