2023 2656
42 141 106 170 Vol.
122 139 170 169 Ix.
184 149 280 192 ¹'‘AEss
291 186 295 191 ³
331 148 338 189 ’-

751 141 1083 192 QAEsTioNEs.

1311 144 1385 180 Lib.
1404 145 1448 196 V
1463 158 1487 182 c.
1497 147 1662 185 XXXII
1712 157 1769 196 585

38 240 75 273 in
91 234 295 273 Gretseriana
309 231 551 276 desiderantur,
570 244 607 270 et
625 237 660 278 in
677 237 877 273 Heruetiana
893 235 994 272 latine
1007 246 1134 273 tantum
1149 235 1254 274 modo
1271 236 1414 275 exstant:
1441 250 1474 277 et
1487 245 1519 277 in
1538 244 1767 289 Mmtfauconi

39 288 118 326 bibl.
134 289 341 337 Seguieriana
357 285 425 323 flue
441 286 648 325 Coisliniana
667 301 700 337 p.
717 293 786 329 188.
801 297 832 324 ct
851 295 921 336 189.
935 288 988 324 vbi
1004 290 1122 325 CLVI.
1140 289 1342 340 quaestiones
1357 305 1585 336 numerantur,
1604 307 1635 331 et
1651 309 1682 345 p.
1698 308 1764 340 193.

40 456 109 488 seri.
153 460 189 489 In
215 458 284 490 eod.
314 458 416 489 indice
452 458 563 490 dieitur
593 461 705 491 exstare
740 460 881 491 Anastasii

32 500 176 540 ‚quaestio
193 510 223 531 et
237 502 388 543 responsio
413 502 540 533 secunda
556 502 592 532 de
610 514 683 533 vero
703 502 793 532 deum
806 503 880 533 ado-

33 543 129 574 *randi
152 544 245 575 modo
270 547 301 575 in
323 545 430 586 spiritu
456 553 485 576 et
507 547 653 582 veritate,
678 545 727 575 sed
752 547 783 575 in
807 557 879 575 con-

39 593 122 616 textu
142 598 171 628 p.
187 596 252 625 255.
274 587 335 629 sqq.
349 587 386 617 de
407 587 474 618 cod.
488 589 595 625 LVIII.
608 589 751 618 Anassafii
767 599 878 618 nomeu

41 639 104 659 non
121 639 323 660 memoratur:
339 632 371 660 in
396 630 465 661 cod.
483 633 555 662 LIX.
572 641 616 662 nr.
634 639 671 668 15.
683 632 773 661 exstat
788 642 878 673 quae-

39 672 96 701 stio
113 681 229 713 quarta.
249 685 276 704 v.
294 672 406 705 Kollar.
428 682 492 703 not.
510 673 547 704 Β.
565 674 601 703 ad
617 674 678 705 vol.
694 676 746 705 III.
764 685 793 715 p.
808 679 880 705 266.

35 727 82 739 --·
103 714 179 746 ibid.
198 727 227 757 p.
243 725 311 754 479.
326 719 358 746 in
381 715 448 747 cod.
463 719 620 748 LXXXIX.
638 728 683 747 ur.
699 728 729 755 4.
745 719 877 759 quaestio

36 757 262 798 quadragefima
282 758 407 801 septiina
429 759 466 789 de
488 760 640 790 miraculis
664 761 747 791 Eliae
771 769 802 790 et
817 760 878 791 Eli-

37 801 109 831 saei.
130 817 172 824 ·—
195 804 228 831 Iu
246 801 354 832 eodem
368 802 437 832 cod.
461 813 563 833 ιιι-,ιι
579 811 610 833 et
624 802 783 834 cod.ch.
799 814 843 833 nr.
851 812 876 839 ⁴3.

36 845 167 875 CCXIV.
177 855 222 877 nr.
234 856 262 883 7.
277 847 427 876 CCXLIX.
442 856 486 876 nr.
496 856 523 875 2.
540 846 875 878 CCLII.CCLXXXVII.

37 896 86 917 nr.
102 895 139 924 15.
160 887 429 924 fithnaeffiones
439 888 708 929 etResponfiones;
727 899 762 919 ex
777 891 877 931 primo

37 929 144 959 codice
160 930 266 961 multas
282 931 366 973 posse
383 933 569 973 quaestiones
582 932 735 974 suppleri,
751 934 811 962 iam
822 933 876 962 ob-

35 971 168 1004 seruauit
179 975 341 1004 Fabricius.
362 986 391 1005 v.
408 974 611 1006 Lambec.111.
626 987 656 1016 p.
674 982 737 1013 485.
751 973 792 1016 sq.
814 975 877 1006 vol.

35 1017 92 1047 1v.
108 1026 174 1057 pag.
192 1026 249 1054 519.
266 1017 327 1048 vol.
346 1021 382 1048 V.
406 1028 473 1058 pag.
495 1028 537 1055 91.
552 1019 593 1048 ib.
609 1030 638 1060 p.
653 1026 717 1056 293.
733 1029 761 1059 p.
776 1028 831 1054 331.
846 1030 876 1060 p.

37 1062 152 1098 653.-
175 1062 319 1101 Excerpta
333 1071 369 1090 ex
381 1061 443 1091 illis
452 1063 485 1090 in
500 1059 569 1090 cod.
578 1064 736 1092 CXXXIV.
747 1072 775 1091 v.
787 1061 876 1092 Lam-

36 1101 98 1137 bec.
111 1105 165 1132 IV.
182 1114 212 1143 p.
229 1109 290 1139 196.
317 1121 357 1126 —
387 1103 618 1146 quatuordecim
640 1105 825 1146 quaestiones
845 1106 876 1134 in

37 1142 107 1175 cod.
124 1148 320 1177 CLXXXVII.
334 1157 379 1176 ιιι·.
389 1158 412 1177 ι.
426 1146 566 1178 Lamhe-c.
576 1150 630 1177 1V.
646 1159 673 1188 p.
683 1158 749 1184 441.
766 1164 815 1171 —·
824 1148 878 1177 tri.

36 1189 121 1226 ginta
140 1198 199 1218 tres
219 1191 406 1230 quaestiones
423 1192 454 1220 in
472 1189 539 1221 cod.
553 1192 767 1222 CCXXXVIII.
792 1190 837 1220 nir.
853 1200 876 1221 1.

36 1230 177 1262 Lambec.
185 1235 223 1263 V.
230 1243 258 1273 p.
267 1244 381 1272 197.——
401 1233 548 1275 quaedam
563 1235 749 1275 quaestiones
762 1235 794 1262 iu
810 1232 878 1263 cod.

34 1275 116 1306 xlx.
140 1286 186 1306 nr.
207 1280 253 1306 16.
273 1276 416 1307 Lambec.
437 1279 491 1306 VI.
512 1284 589 1317 part.
610 1287 637 1306 2.
662 1286 729 1317 pag.
746 1285 811 1313 243.
835 1291 877 1299 -

35 1318 171 1360 quaestio
187 1329 213 1348 u
219 1327 246 1355 5.
268 1320 301 1349 iu
325 1318 392 1350 cod.
413 1321 501 1349 XLV.
518 1329 564 1348 nr.
581 1324 630 1356 64.
646 1327 709 1349 tum
726 1319 876 1360 quaestio·

36 1370 89 1391 nes
110 1360 176 1398 sex,
199 1362 241 1392 ib.
264 1372 309 1393 ur.
332 1366 382 1401 67.
406 1360 548 1393 Lambec.
571 1364 655 1391 VIII.
679 1371 746 1402 pag.
760 1371 833 1399 947.
847 1368 877 1390 et

35 1404 109 1443 948.
129 1421 171 1427 —-
194 1406 380 1446 quaestiones
396 1412 461 1442 254.
484 1407 516 1434 iu
530 1402 598 1434 cod.
616 1407 723 1435 XXIV.
740 1415 784 1433 ur.
801 1413 830 1435 α..
846 1415 875 1433 v.

34 1446 174 1479 Kollarii
190 1447 389 1489 supplement.
403 1447 441 1477 ad
459 1448 561 1478 Lamb.
579 1454 791 1477 commentam
807 1456 876 1488 pag.

37 1496 108 1528 209.
129 1492 183 1533 qui
204 1490 312 1527 docet,
335 1489 474 1528 diligenti
505 1491 594 1520 liuius
613 1489 729 1519 codicis
754 1499 876 1530 compa-

37 1535 158 1565 ratione
173 1541 202 1564 et
219 1534 442 1565 Gretserianum
456 1540 633 1564 contextum>
641 1543 684 1570 gr.
699 1540 728 1563 et
742 1531 794 1562 lat.
811 1542 879 1563 ver.

37 1578 152 1608 sionem
173 1577 257 1619 posse
278 1576 373 1607 multo
395 1578 504 1607 recum
518 1577 669 1606 constitui.
692 1593 732 1598 --
755 1575 879 1616 Insuper

37 1622 132 1656 iuuat,
149 1622 289 1651 notitiam
300 1619 389 1650 codd.
406 1619 532 1650 aliarum
543 1618 796 1650 bibliothecarum
813 1618 878 1647 sub-

37 1666 175 1701 iungere.
240 1665 357 1694 Exstant
372 1665 467 1700 igitur
490 1662 561 1692 illae
576 1662 763 1703 quaestiones
778 1661 876 1692 Dres-

38 1707 96 1742 ἄξιε
108 1709 142 1737 in
158 1705 232 1739 bibl.
247 1705 421 1742 eleetorali,
443 1704 480 1735 de
499 1716 559 1746 quo
582 1704 648 1734 cod.
671 1704 733 1735 vid.
750 1704 876 1735 Goetzii

37 1750 228 1782 Memorabb.
243 1749 317 1779 bibl.
335 1747 439 1780 Dresd.
464 1757 538 1779 tom.
560 1751 613 1778 III.
638 1746 701 1783 syll.
723 1758 752 1785 4.
770 1759 797 1789 p.
816 1752 875 1783 361.

37 1810 81 1816 —
102 1793 230 1824 Momm·
243 1794 279 1823 in
302 1791 370 1822 eod.
391 1795 496 1823 Bauar.
520 1792 598 1822 LIII.
627 1792 812 1832 quaestiones
825 1800 874 1827 92.

38 1836 89 1867 sed
106 1836 194 1867 valde
208 1836 381 1877 discrepare
389 1835 426 1864 ab
435 1834 535 1871 editis,
559 1834 680 1864 vberius
696 1832 801 1863 docuit
817 1832 873 1863 cel.

38 1879 156 1912 Hardt.
170 1881 200 1910 in
215 1881 331 1911 Aretini
343 1881 508 1915 Beytrageu
532 1884 589 1907 etc.
612 1878 682 1906 anni
700 1883 781 1913 1804.
798 1883 875 1918 part.

36 1934 60 1955 1.
77 1934 144 1965 pag.
160 1933 202 1959 ¹9·
219 1922 280 1963 sqq.
304 1920 505 1962 -Augustac
530 1919 648 1952 Vindcl.
666 1919 714 1949 sed
734 1919 785 1949 sub
802 1918 874 1949 salso

34 1965 201 2000 Athanasii
217 1967 360 2002 nomine,
382 1976 412 1994 v.
427 1962 543 2005 Reiseri
558 1962 650 1993 indic.
662 1964 740 1993 MSS.
758 1962 876 1998 August.

39 2022 68 2052 p.
86 2021 134 2049 27.
156 2027 200 2033 —
223 2008 407 2038 collecianea
427 2018 462 2037 ex
483 2007 630 2038 Anastasio
647 2016 676 2035 et
691 2005 776 2041 aliis,
799 2003 874 2035 ibid.

38 2064 107 2096 pag.
123 2064 167 2090 39.
191 2068 233 2075 —
277 2050 425 2092 stIofiJuae
441 2052 473 2080 in
495 2049 571 2079 bibl.
589 2047 691 2084 synod.
706 2049 775 2078 teste
789 2048 875 2078 [Wac-

1709 350 1765 382 vbi

919 460 1065 491 Anastassi
1087 468 1117 490 et
1138 460 1269 493 aliorum
1291 471 1430 505 patrum,
1458 465 1514 494 bis.
1536 476 1566 495 v.
1589 462 1762 504 [Isontfaiffc.

923 502 1000 533 diar.
1023 503 1115 535 italic.
1131 516 1198 546 pag.
1213 516 1281 543 434.
1303 523 1345 530 —
1388 508 1473 537 Idem
1494 510 1527 537 iu
1548 507 1764 549 Palaeograph.

923 556 968 584 gr.
983 557 1013 588 p.
1029 553 1076 582 48.
1099 546 1136 576 de
1158 547 1276 578 duobus
1300 548 1389 580 codd.
1414 551 1563 581 Parifienfi
1585 557 1615 580 et
1633 553 1764 580 Lauren-

922 590 1024 626 tiano,
1048 591 1080 618 in
1104 590 1212 631 quibus
1229 591 1335 622 insunt
1353 594 1538 634 quaestiones
1557 602 1614 624 etc.
1640 595 1761 623 Anasta-

921 633 966 663 fii.
988 648 1032 656 —-
1080 633 1211 664 Taurini
1239 636 1270 664 iu
1294 634 1362 664 cod.
1386 646 1447 674 reg.
1469 639 1576 667 CXIII.
1597 637 1763 678 quaestion.

924 684 988 705 102.
1011 677 1152 706 Anastasii
1169 684 1268 706 autem
1278 680 1403 708 nomine
1411 679 1539 716 omisso,
1561 690 1589 708 v.
1600 687 1656 709 cat.
1673 678 1761 710 codd.

923 728 965 755 gr.
982 719 1114 750 Tanrin.
1137 729 1205 760 pag.
1220 730 1283 758 217.
1305 735 1346 743 —-
1369 723 1401 750 in
1417 721 1487 752 cod.
1501 724 1670 753 CLXXVII.
1686 733 1763 751 uon-

921 759 1022 791 nullae
1051 764 1250 803 quaestiones,
1279 762 1356 794 ibid.
1381 774 1448 805 pag.
1473 770 1538 801 263.
1560 780 1604 788 —·
1636 766 1670 794 in
1692 764 1761 795 cod.

921 806 1052 836 CXCVI.
1081 804 1230 846 plurimae
1254 807 1443 847 quaestiones
1473 807 1523 837 sed
1552 819 1619 838 cum
1648 818 1758 846 magno

919 844 1095 877 discrimine
1112 848 1148 877 ab
1165 847 1235 878 edit.
1251 848 1326 878 ibid.
1342 860 1414 891 pag.
1431 854 1501 887 296.
1522 867 1566 875 --·
1585 850 1763 882 Florentiae

921 890 954 920 in
970 889 1043 921 bibl.
1059 890 1215 921 Mediceae
1228 893 1367 922 Laurent.
1382 892 1452 923 cod.
1470 896 1522 923 VI.
1538 904 1587 927 nr.
1600 903 1624 925 1.
1640 893 1715 935 plut.
1728 905 1760 932 4.

922 934 1109 974 quaestiones
1126 938 1172 967 86.
1194 944 1270 974 quae
1292 935 1449 976 quomodo
1466 935 1608 967 differant
1633 938 1670 967 ab
1693 937 1758 968 edi-

921 977 978 1013 fu,
1000 975 1091 1006 docet
1107 977 1245 1008 Bandin.
1263 979 1294 1006 iu
1312 986 1370 1008 cat.
1386 977 1476 1010 codd.
1491 990 1534 1017 gr.
1544 982 1633 1011 Laut.
1649 984 1672 1011 Ι.
1691 991 1759 1021 pag.

919 1027 987 1056 524.
1009 1036 1053 1043 ——
1074 1019 1150 1049 ibid.
1165 1021 1197 1049 in
1214 1019 1283 1050 cod.
1299 1023 1369 1054 VII.
1393 1024 1445 1062 qui
1459 1030 1493 1052 vt
1508 1022 1672 1064 plurimum
1688 1034 1760 1053 con-

919 1061 1014 1103 spirat
1029 1072 1097 1092 eum
1111 1062 1279 1104 superiore,
1291 1070 1469 1105 comparent
1482 1072 1596 1095 tantum
1608 1073 1654 1099 ει.
1671 1072 1771 1107 quae-⁸

921 1106 1049 1139 stiones;
1070 1104 1139 1135 cod.
1162 1114 1261 1135 autem
1285 1109 1367 1138 XVI.
1391 1106 1467 1149 plut.
1489 1118 1519 1145 4.
1541 1110 1678 1139 continet
1699 1118 1759 1148 157.

921 1149 1118 1188 quaestiones.
1141 1160 1170 1178 v.
1185 1148 1322 1180 Bandin.
1342 1149 1361 1180 l.
1377 1161 1401 1180 c.
1423 1160 1491 1191 pag.
1505 1158 1567 1187 525.
1583 1159 1613 1181 et
1626 1160 1695 1190 540.
1715 1168 1760 1177 —

921 1189 1024 1232 Paris:
1040 1193 1071 1221 iu
1085 1190 1158 1222 bibl.
1173 1191 1258 1233 publ.
1273 1192 1339 1222 sunt
1353 1191 1434 1230 illae,
1457 1192 1550 1223 modo
1567 1194 1679 1235 plures,
1694 1208 1760 1227 mo·

922 1234 961 1264 do
979 1236 1153 1276 paucioreS‚
1177 1236 1209 1264 in
1230 1234 1441 1277 septemdecim
1469 1236 1558 1267 codd.
1581 1238 1651 1267 teste
1670 1240 1758 1269 catal.

921 1279 1013 1308 MSst.
1034 1276 1115 1306 illius
1135 1275 1210 1307 bibl.
1236 1284 1310 1308 tom.
1327 1276 1371 1308 Π.
1401 1294 1445 1302 —-
1481 1279 1648 1310 Secundum
1669 1282 1757 1314 catal.

919 1322 999 1350 MSS.
1030 1319 1156 1356 Angliae
1185 1327 1214 1350 et
1242 1320 1430 1357 Hiberniae,
1479 1323 1511 1350 in
1540 1330 1615 1353 tom.
1638 1322 1662 1354 Ι,
1691 1325 1758 1355 sunt

919 1363 952 1391 iu
973 1360 1041 1392 cod.
1067 1362 1191 1393 E'urocc-
1214 1364 1345 1393 LXXVI.
1375 1365 1532 1400 Anastafii,
1568 1367 1758 1406 patriarchae

919 1404 1165 1447 Theopolitani,
1187 1404 1338 1446 responsio
1355 1406 1391 1436 ad
1404 1407 1570 1444 Gabrielis,
1593 1410 1758 1449 presbyteri

919 1447 1040 1483 Persae,
1068 1449 1216 1488 quaesita,
1250 1450 1281 1476 in
1303 1447 1392 1481 codd.
1406 1453 1482 1480 XCI.
1499 1458 1529 1480 et
1542 1454 1642 1482 CCVI.
1668 1464 1758 1494 quac-

922 1491 1031 1520 stiones
1047 1498 1077 1520 et
1094 1490 1320 1520 solutiones.—-
1342 1493 1373 1520 in
1391 1491 1459 1522 cod.
1472 1492 1576 1524 leom.
1590 1493 1757 1527 Roexvil.

922 1544 970 1564 nr.
987 1537 1050 1568 263.
1064 1532 1148 1565 catal.
1163 1532 1263 1574 plures
1278 1535 1483 1574 quaestiones,
1505 1536 1560 1566 bis.
1576 1554 1619 1560 —
1640 1540 1712 1568 item
1724 1541 1756 1569 i-

922 1575 990 1608 cod‚
1013 1575 1095 1606 Oliu.
1119 1575 1287 1607 Cronuffelt.
1303 1579 1377 1608 CXI.
1400 1585 1429 1606 et
1454 1580 1545 1609 CXII.
1572 1590 1619 1611 nr.
1634 1591 1703 1617 290.
1728 1588 1758 1612 et

922 1629 986 1656 291.
1012 1618 1096 1650 catal.
1116 1636 1159 1643 —
1181 1619 1312 1650 Mau-iti
1328 1621 1359 1648 iu
1374 1619 1442 1650 cod.
1464 1623 1549 1659 regio
1567 1624 1649 1654 XIII.
1667 1635 1755 1665 quem

920 1661 979 1691 late
996 1662 1252 1692 recensetIriarte
1268 1664 1299 1691 in
1313 1670 1369 1694 cat.
1385 1662 1472 1693 codd.
1487 1674 1530 1701 gr.
1541 1668 1656 1696 Matrit.
1675 1679 1702 1707 p.
1713 1674 1756 1703 38.

920 1705 982 1746 sqq.
1008 1704 1132 1742 singulas
1149 1704 1346 1747 persequitur,
1369 1705 1476 1744 seriem
1493 1716 1521 1736 et
1536 1709 1628 1738 verba
1641 1720 1756 1746 earum,

920 1758 948 1777 et
965 1758 1040 1789 quae
1059 1747 1161 1778 desum
1178 1749 1210 1777 in
1227 1747 1298 1778 edit.
1317 1748 1443 1778 Gretser.
1457 1750 1581 1786 indicat,
1605 1760 1694 1793 atque
1707 1763 1756 1782 eas

919 1802 998 1820 nunc
1027 1789 1151 1827 ordine,
1189 1801 1267 1820 nunc
1290 1791 1454 1820 verborum
1486 1790 1756 1836 sententiarumque

918 1832 1036 1869 forma,
1062 1833 1154 1863 modo
1179 1835 1285 1874 copia,
1313 1832 1405 1863 modo
1427 1835 1574 1866 breuitate
1595 1838 1756 1868 manuscri-

919 1885 983 1918 ptas
997 1877 1033 1906 ab
1050 1876 1193 1918 impressis
1210 1878 1286 1905 mire
1301 1876 1471 1918 discrepare
1487 1879 1640 1915 fignificat.
1656 1892 1687 1921 p.
1703 1892 1755 1918 42.

919 1930 954 1949 ex
971 1919 1077 1948 eodem
1093 1919 1160 1951 cod.
1178 1918 1275 1948 adfert
1291 1918 1446 1961 Anastcifii
1463 1920 1528 1950 diss.
1546 1922 1581 1952 de
1595 1925 1755 1964 multiplici

919 1961 1144 1993 machinatione
1163 1967 1192 1993 ct
1211 1961 1378 2001 deceptione
1399 1962 1532 2003 diaboli,
1564 1976 1671 2006 quam,
1702 1970 1755 2003 ait.

918 2006 998 2035 inter
1017 2007 1157 2036 Anastafii
1182 2006 1312 2036 Sinaitae
1333 2007 1518 2045 quaestiones
1542 2007 1639 2038 aliaue
1662 2020 1756 2051 opera

918 2050 1044 2078 minime
1060 2051 1210 2090 reperias,
1234 2056 1262 2077 et
1279 2047 1361 2077 aliud
1382 2048 1582 2086 fragmentum
1604 2061 1645 2082 ex
1664 2062 1754 2084 euan-

36 2095 121 2129 thaei
135 2099 167 2126 in
184 2096 292 2125 notitia
310 2092 400 2124 codd.
414 2103 549 2130 graecor.
566 2093 645 2122 MSS.
660 2090 874 2123 bibliothecar.
915 2089 1167 2133 gelioflruna'um
1182 2091 1326 2122 Ioannem
1337 2114 1345 2127 ‚
1368 2092 1468 2133 quod,
1490 2103 1526 2122 ex
1540 2105 1599 2134 quo
1616 2097 1756 2129 Anastasii

38 2139 175 2182 Mosqin
186 2145 211 2172 8.
227 2139 258 2168 in
269 2136 384 2169 cod.v.
398 2146 457 2166 vua
473 2135 616 2176 quaestiO.
638 2138 684 2176 (p.
695 2140 734 2167 18.
751 2145 795 2165 nr.
807 2136 874 2172 27.)

39 2201 83 2208 —
105 2185 136 2213 in
153 2182 220 2212 cod.
242 2182 354 2212 CCLII.
368 2179 602 2220 Responsiones,
623 2182 673 2219 (p.
693 2182 750 2214 163.
771 2187 817 2207 nr.
834 2180 878 2215 5.)

38 2243 82 2252 —
105 2228 136 2256 in
152 2225 221 2256 cod.
243 2224 436 2254 cccxxvn.
455 2222 654 2263 quaestiones,
677 2224 727 2260 (p.
744 2224 808 2250 216.
833 2231 878 2249 nr.

39 2273 91 2308 ι.)
114 2286 156 2293 -
178 2270 209 2298 in
226 2265 318 2297 codd.
339 2267 574 2296 CCCLXXVIII.
591 2273 619 2293 et
638 2265 769 2304 XLVIII.
788 2273 878 2304 quae-

41 2313 126 2343 dam:
150 2314 205 2352 (p.
221 2320 283 2346 ²43·
308 2319 352 2338 nr.
377 2318 412 2338 11.
437 2317 470 2336 ac
488 2318 516 2348 p.
535 2311 598 2342 326.
616 2316 662 2336 nr.
679 2308 728 2343 5.)
751 2322 792 2329 --
819 2305 878 2336 Vc-

40 2356 132 2388 nctiis
155 2358 186 2384 iu
207 2353 288 2394 bibl.
308 2351 380 2383 Iulii
408 2351 582 2386 Iustiniani,
613 2350 799 2391 quaestiones
822 2358 878 2380 etc.

105 2407 174 2441 Vol.
197 2405 239 2438 Χ.

921 2145 1013 2176 opere
1029 2134 1193 2164 desummm
1210 2136 1259 2172 sit,
1290 2134 1368 2164 haud
1391 2132 1480 2165 facile
1502 2137 1602 2172 statui,
1632 2141 1755 2180 profite-

922 2185 985 2208 tur:
1008 2189 1035 2218 p.
1053 2188 1099 2215 43.
1115 2178 1176 2219 sqq.
1201 2178 1388 2219 quaestiones
1403 2177 1480 2208 aliae
1495 2189 1529 2209 ex
1546 2180 1614 2210 eod.
1631 2181 1755 2212 cod.re-

921 2220 1093 2257 censentur,
1115 2223 1206 2259 (nam
1227 2220 1378 2249 interdum
1403 2220 1500 2251 aliena
1524 2223 1665 2264 opuscula
1689 2225 1755 2257 sunt

921 2263 1062 2300 insci-ta.)
1085 2280 1127 2287 —-
1165 2266 1198 2292 In
1223 2262 1311 2293 codd.
1327 2261 1476 2303 Estorial.
1492 2264 1610 2306 aliquot
1625 2270 1756 2307 prostant

922 2308 1118 2346 quaestiones.
1143 2318 1170 2336 v.
1187 2306 1290 2336 Pchr.
1310 2307 1340 2334 in
1357 2309 1458 2336 itiner.
1473 2318 1526 2348 per
1541 2308 1662 2349 Hispan.
1685 2322 1755 2352 pag.

922 2354 988 2386 156.
1011 2364 1053 2374 -·
1077 2348 1520 2388 Secundumillonlfcinc.B1bl.
1544 2351 1757 2387 bibliothecar.

1182 2395 1210 2428 E
1219 2406 1234 2427 e
1246 2406 1261 2428 e
1272 2406 1288 2428 e
1679 2399 1758 2429 MSS.
