2023 2656
21 169 25 172 -
52 152 208 180 v0¹.vm.
226 160 254 188 p.
274 150 394 185 sistram

536 153 731 189 SCRIPTA
753 155 1025 191 DAMASCENI
1053 153 1247 191 INEDITA

1379 155 1504 193 Lib.V.
1513 156 1665 195 c.XXV.
1718 169 1779 205 739

152 247 221 283 aliis
247 250 452 284 Graecorum
473 246 562 284 libris
580 247 798 284 ecclesiasticis
822 251 1046 291 continentur,
1072 246 1311 284 Damascenum
1327 250 1495 286 auctorem
1510 251 1660 293 habeant,
1676 264 1775 301 quam

149 300 326 347 Muelogii
344 312 562 348 graecorum,
595 299 689 349 quod
711 299 915 336 Damascene
941 301 1053 336 tribuit
1078 302 1254 337 Galatinus
1278 303 1351 337 VII.
1376 312 1403 345 5.
1431 300 1472 337 de
1492 305 1615 337 arcanis
1637 304 1774 339 catholi-

146 363 202 386 cae
223 349 321 391 fidei,
348 351 401 387 vel
424 354 582 399 typicum,
609 350 700 400 quod
723 350 958 388 aDamasceno
979 352 1192 388 restauratum
1207 350 1302 388 fuisse
1326 351 1448 400 scripfit
1464 354 1613 395 Simeon,
1635 353 1774 390 Theffa-

148 399 336 437 lonicensis.

398 401 484 438 Vide
515 403 676 438 Allatium
702 402 779 451 [if]
809 402 945 439 diatriba
970 401 1010 438 de
1028 403 1222 440 Damasceni
1241 402 1365 453 scriptis
1388 401 1423 451 §
1437 406 1550 442 LXIX.
1568 402 1599 446 ᾖ)
1648 406 1776 442 Prodiit

144 449 352 501 V’Onrainxos·
372 467 489 505 graece
512 456 658 491 Venetiis
675 466 859 500 1523.1543.
881 461 970 500 1584.
989 457 1083 496 1602,
1102 458 1191 491 1610.
1206 457 1299 500 1624.
1319 458 1356 492 in
1371 461 1403 495 8.

40 552 59 565 l

560 576 689 621 Scripta
715 574 909 623 Damasccni
934 575 1036 610 adbuc
1057 575 1187 611 inedita.
1230 576 1256 620 ‘)

49 674 73 696 1.
99 661 259 697 Homiliae
273 666 411 709 quatuor
425 659 589 707 asceticae,
621 673 699 709 quas
720 672 739 695 e
762 660 842 696 bibl.
869 659 1091 696 Coislinianae
1111 659 1229 697 codice
1254 658 1421 696 editurum
1442 657 1472 696 se
1491 660 1776 710 praestantissimus

147 714 326 761 Lequinius
341 715 462 759 recepit
478 715 512 747 in
534 711 736 760 appendice,
771 725 871 760 quam
892 711 1024 747 daturus
1048 722 1133 754 erat,
1164 711 1358 748 Damasceni
1389 725 1542 761 operum.

1601 712 1686 748 Vide
1707 717 1774 749 eius

145 773 239 800 notas
252 761 294 798 ad
309 761 503 799 Damasceni
522 766 634 804 vitam,
653 776 671 798 a
688 765 737 799 10.
755 762 1067 807 Hierosolymitano
1083 762 1235 813 scriptam
1253 777 1287 813 p.
1303 765 1376 799 XV.

45 861 76 889 2.
101 848 236 896 Deficle
252 848 448 896 opzfiulmn,
476 848 568 897 quod
584 847 732 884 Allatius
748 845 789 883 ad
805 848 986 884 Auberturn
1012 846 1162 892 miserat,
1190 847 1384 896 (diuersum
1404 849 1443 884 ab
1467 847 1557 886 edito
1584 859 1667 886 tom.
1693 853 1718 886 1.
1742 863 1774 899 p.

142 903 235 945 390.)
257 910 288 935 et
306 899 347 935 de
364 913 433 950 quo
449 899 608 935 videndus
625 903 658 936 in
675 899 809 935 diatriba
825 899 865 935 de
878 899 1002 948 scriptis
1015 899 1207 936 Damasceni

1234 899 1268 948 ᾗ.
1285 903 1339 941 68.
1392 903 1488 940 Fabr.
1542 905 1581 937 In
1599 911 1658 937 cat.
1673 900 1772 937 codd.

142 951 288 1001 Angliae
314 961 374 987 etc.
405 953 431 987 Ι.
451 966 502 987 nr.
527 957 618 992 1882.
641 954 757 988 citatur
777 953 825 987 Io.
851 951 1002 1000 Damqfc.
1027 953 1064 987 de
1081 953 1183 993 Fida
1209 951 1264 989 sed
1286 950 1456 1003 quodnam
1474 951 1514 988 fit
1534 951 1680 1002 opuscul.
1702 966 1774 989 non

390 1003 491 1040 Harl.

143 1001 330 1040 adnotatur.

44 1101 72 1133 3.
100 1090 239 1126 Lexicon
254 1090 490 1137 etymologicon.
538 1085 675 1178 Λεῗικὲν
694 1085 801 1138 πειραὶ
824 1087 873 1128 τὲ
897 1084 1088 1135 :immolre
1112 1089 1174 1139 7491)
1199 1088 1397 1137 σοφωτάτε
1418 1089 1500 1139 zuei}
1524 1087 1657 1129 ’ῐωοὶννε
1673 1105 1775 1140 πρεσ-

146 1140 278 1190 Eua-54³8
292 1141 339 1179 τέ
354 1141 572 1200 ΔΙοιμοισκηνὲ
609 1140 784 1189 ιοςθωθέν,
807 1136 870 1185 'my'
890 1137 963 1178 οἱπὸ
979 1137 1148 1190 διαφέρων
1161 1139 1313 1182 βιβλίων
1335 1140 1406 1180 τοὶς
1426 1139 1536 1190 λέξεις
1549 1139 1593 1179 εἰς
1615 1144 1773 1191 ἐτυμολο-

147 1195 229 1238 -γίοιν
251 1195 522 1240 ἕξμηνευσοιντσς.

147 1242 219 1287 σ’έτη
236 1242 310 1294 Ὑοίξ
326 1242 344 1287 ἡ
361 1241 506 1286 ssmissn·

582 1195 720 1239 Incipit:
754 1189 800 1232 ἆ,
834 1188 1003 1240 ἒπίῤῥῆμοέ
1025 1195 1090 1231 ἐςιν
1109 1191 1372 1236 ἐπιπληκτικόν·
1408 1191 1524 1230 ἄατος
1547 1191 1562 1229 ὂ
1583 1190 1775 1236 ἀβλαβὴς,

561 1244 654 1289 Opus
667 1245 794 1291 ingens,
818 1245 928 1292 inquit
943 1246 978 1279 in
994 1244 1207 1292 συμμίκτοις,
1230 1256 1262 1292 p.
1283 1255 1349 1289 451.
1377 1243 1536 1284 Allatius,
1568 1244 1723 1291 copiosum
1745 1253 1775 1281 ct

135 1296 314 1347 stngulare.
366 1296 464 1331 Fabr.
517 1294 614 1330 Plura
630 1292 670 1328 de
684 1295 752 1330 hoc
765 1295 888 1329 Lexico
905 1297 972 1330 iam
984 1293 1057 1331 sunt
1073 1294 1232 1344 disputata
1256 1293 1369 1344 supra,
1399 1296 1467 1332 vol.
1495 1299 1551 1332 VI.
1572 1308 1604 1344 p.
1630 1297 1706 1331 602.
1729 1293 1773 1346 sq.

142 1349 294 1385 Curatius
315 1356 425 1382 tamen
438 1349 505 1396 egit
522 1345 583 1380 cel.
603 1346 734 1381 Morelli
748 1348 782 1381 in
799 1345 875 1381 bibl.
898 1359 948 1395 gr.
968 1356 999 1382 et
1019 1347 1074 1382 lat.
1095 1349 1203 1388 Msta‚
1230 1350 1255 1382 1.
1278 1360 1310 1396 p.
1332 1353 1382 1392 85.
1405 1346 1472 1397 sqq.
1499 1348 1551 1382 vbi
1575 1360 1646 1383 non
1663 1346 1774 1383 solum

144 1399 253 1449 plures
270 1397 400 1434 codices
416 1395 623 1446 diuersasque
638 1398 708 1434 VV.
723 1399 800 1434 DD.
817 1395 859 1432 de
877 1400 947 1433 eius
963 1400 1098 1433 auctore
1111 1396 1283 1435 sententias
1300 1397 1458 1443 recenset3
1493 1397 1548 1435 sed
1565 1401 1662 1434 etiam
1685 1401 1775 1434 euin-

346 1458 365 1483 i»

89 1598 122 1637 b)
145 1595 235 1630 Cous.
251 1596 362 1629 Oudin.
377 1596 397 1626 l.
414 1608 438 1626 c.
462 1608 492 1638 p.
511 1605 593 1634 1741.
618 1596 660 1638 sq.
682 1598 715 1627 in
729 1597 836 1638 primis
861 1608 889 1638 p.

47 1653 124 1682 1771.
141 1641 181 1683 sq.
203 1658 246 1665 —
267 1639 431 1672 Offob'clzus
445 1651 513 1670 cum
527 1639 704 1680 ainplissimo
717 1641 766 1672 fi.
781 1640 890 1671 Zona-

44 1696 100 1717 ναι»
116 1686 336 1716 commentario
353 1685 444 1713 exstat
462 1682 660 1714 Wndobonae
676 1684 708 1712 in
729 1682 812 1713 cod..
823 1693 875 1713 cae

44 1730 99 1761 sar.
115 1730 218 1758 CCVI.
240 1738 268 1756 v.
286 1725 424 1758 Lambec.
443 1734 603 1755 comment.
612 1728 651 1757 V.
668 1737 697 1766 p.
714 1736 759 1764 17.
774 1726 814 1767 sq.
836 1726 889 1756 vbi

13 1772 15 1774 ’
45 1771 196 1804 Kollarins
216 1772 248 1800 in
264 1778 336 1799 nota
350 1780 384 1800 ex
394 1769 545 1799 Lambecii
561 1767 766 1798 additamento
782 1766 887 1806 refert,

46 1813 195 1856 superesse
221 1814 253 1842 in
283 1813 342 1842 hoc
372 1809 441 1841 cod.
463 1813 665 1841 recentiorem
694 1812 770 1841 hane
797 1821 888 1841 manu

46 1857 152 1890 Marci
165 1857 344 1892 fidamunae,
362 1855 519 1890 Cretensis,
542 1853 771 1895 inscriptionem
786 1851 889 1884 ’lwu‘vn

48 1901 218 1938 Δαμασκηνῖ
232 1897 247 1931 ἧ
262 1895 440 1933 Ὀκταῖηχος,
465 1893 529 1932 ἦγεν
539 1894 643 1933 “Tum
666 1894 700 1925 ἐς
719 1893 766 1930 viv
788 1896 890 1927 duis-n.

47 1957 105 1980 cn,
134 1943 180 1981 ιφ)
204 1940 325 1978 ἐξήγησις
351 1939 385 1970 ἐς
405 1936 490 1972 mirri!
513 1937 581 1969 mim
602 1937 704 1980 ὦραία·
734 1941 764 1970 h.
786 1950 813 1971 e.
843 1941 890 1972 Io.

45 1985 229 2028 Damasceni
244 1985 433 2019 Odio'e‘chus,
454 1984 514 2014 flue
534 1985 635 2019 hymni
650 1985 682 2012 in
697 1983 891 2014 resurrectio·

48 2042 116 2062 nem
138 2031 265 2064 Christi,
298 2038 364 2057 cum
387 2027 573 2068 expositione
595 2025 683 2056 valde
703 2025 816 2068 pulcra.
846 2042 890 2050 —-

46 2073 125 2106 lbid.
143 2075 173 2103 in
193 2069 282 2102 codd.
303 2072 428 2100 CCCVI.
452 2071 594 2099 cccvu.
621 2078 650 2099 et
668 2071 749 2099 inter
771 2069 829 2100 alia
858 2071 888 2099 in

48 2117 119 2149 cod.
142 2116 266 2147 ccclx.
290 2114 471 2144 cccxxm.
500 2113 672 2141 continetur
696 2111 773 2142 liber
795 2111 890 2142 eccle-

46 2161 174 2192 nameus
199 2167 265 2187 cum
287 2157 417 2197 antiquis
442 2155 521 2184 notis
543 2156 676 2191 inuficiS‚
715 2156 889 2186 Ocloe'chnu

47 2203 227 2244 inscriptus,
257 2207 287 2229 et
307 2199 466 2228 maximam
484 2205 598 2238 partem
618 2207 635 2226 a
657 2199 682 2228 S.
710 2201 756 2228 10.
781 2201 889 2228 Dama-

49 2245 136 2277 sceno
152 2243 342 2284 compositus.
366 2252 394 2272 v.
418 2240 558 2271 Lambec.
573 2243 611 2271 V.
629 2251 658 2281 p.
684 2248 746 2278 571.
770 2248 834 2279 572.
859 2249 889 2270 et

48 2297 115 2328 574.
134 2288 173 2328 sq.
197 2302 239 2309 -
261 2285 302 2315 ib.
324 2296 353 2326 p.
370 2289 434 2320 603.
460 2282 496 2312 de
512 2282 580 2313 cod.
597 2285 763 2314 CLCXXV.
779 2285 809 2312 in
826 2294 886 2325 quo

50 2332 91 2361 est
126 2327 348 2369 Hermilogium
379 2327 567 2358 Graecorum
598 2326 754 2356 continens
783 2335 887 2356 omnes

51 2373 186 2406 ommni
209 2372 350 2407 Hirmos,
374 2371 433 2401 flue
455 2376 558 2400 cantus
574 2367 717 2399 initiales.
748 2384 791 2394 --
819 2369 888 2400 Lei,

934 1455 1069 1488 Aaaaa
1101 1461 1120 1486 2
1716 1454 1772 1491 cit,

935 1597 992 1628 dae
1007 1597 1087 1627 inter
1105 1595 1196 1627 codd.
1212 1598 1389 1635 Vossianm,
1411 1597 1591 1636 Offobtlzus,
1614 1609 1680 1630 cum
1703 1610 1775 1641 pro-

935 1639 1101 1677 legomenis
1117 1648 1146 1670 et
1160 1642 1386 1671 commentariis
1406 1642 1482 1681 Cyri
1507 1641 1655 1674 Theodori
1677 1651 1705 1673 et
1727 1642 1773 1673 Io.

933 1683 1106 1719 Zonarae,
1128 1694 1205 1725 quae
1219 1692 1312 1720 agunt
1334 1683 1372 1713 de
1389 1686 1615 1721 incarnatione,
1643 1686 1774 1726 pastione

934 1735 963 1756 et
981 1725 1199 1756 testu-resume
1214 1728 1337 1757 Domini
1355 1726 1459 1757 latine.
1483 1738 1512 1759 v.
1527 1736 1585 1758 cat.
1602 1727 1677 1758 bibl.
1688 1727 1773 1759 Leid.

931 1779 1000 1811 pag.
1024 1773 1088 1806 396.
1111 1780 1156 1799 nr.
1180 1779 1229 1808 27.
1260 1786 1300 1792 —
1325 1772 1359 1799 In
1376 1769 1494 1811 aliquot
1516 1770 1604 1802 codd.
1627 1771 1773 1802 Vatt'can.

931 1810 1008 1844 bibl.
1023 1812 1154 1847 Petanii,
1176 1821 1301 1849 graece,
1324 1814 1399 1842 etin
1421 1824 1482 1843 vno
1506 1812 1608 1846 latine.
1635 1831 1678 1837 —
1705 1814 1772 1845 Me-

934 1855 1050 1887 diolani
1065 1857 1097 1884 in
1120 1855 1197 1885 bibl.
1222 1856 1360 1885 Ambros.
1384 1856 1415 1885 in
1437 1855 1555 1886 duobus
1575 1855 1665 1886 codd.
1687 1865 1717 1888 et
1739 1858 1772 1886 in

934 1897 1020 1934 aliis,
1055 1897 1230 1928 Damasceni
1255 1908 1327 1939 opp.
1355 1898 1548 1940 eiusdemque
1570 1910 1640 1941 opp.
1665 1900 1774 1929 turifica

933 1941 1229 1976 cummufietsnods,
1246 1942 1316 1970 teste
1324 1939 1498 1980 Montfauc.
1515 1941 1660 1972 bibl.bibl
1680 1944 1772 1974 MSSt.

932 1986 957 2015 1.
977 1995 1006 2026 p.
1017 1988 1068 2015 66.
1085 1992 1128 2022 73.
1144 1990 1173 2013 et
1191 1989 1255 2020 528.
1271 1983 1316 2016 D.
1360 1984 1416 2014 Sed
1425 1983 1462 2014 de
1484 1983 1677 2026 suppofititiis
1693 1985 1774 2015 aliis.

934 2037 992 2068 qne
1007 2026 1123 2068 scriptis
1140 2025 1260 2056 abunde
1273 2026 1435 2067 disputauit
1450 2027 1601 2058 Oudinns.
1646 2028 1703 2058 Sub
1718 2038 1774 2057 no-

933 2072 1015 2100 mine
1037 2068 1213 2100 Damasceni
1238 2068 1493 2099 circumferuntur
1517 2080 1638 2111 qnoque
1659 2069 1773 2100 scholia

933 2114 965 2142 in
981 2123 1050 2154 epp.
1067 2111 1179 2146 Paulli3
1203 2113 1315 2142 atenim
1333 2120 1362 2141 ct
1379 2111 1485 2142 desunt
1500 2111 1551 2142 illa
1572 2115 1604 2142 in
1617 2111 1705 2142 codd.
1721 2123 1774 2142 an-

934 2155 1117 2197 tiquioribus
1134 2162 1163 2184 et
1181 2156 1244 2184 eins
1263 2155 1386 2184 nomine
1398 2153 1522 2192 indigna
1540 2154 1706 2186 censentur.
1729 2158 1774 2186 De

932 2196 1111 2240 quibusdam
1127 2196 1193 2226 alii·
1208 2209 1236 2227 v.
1251 2197 1337 2238 snpra
1359 2199 1391 2227 in
1409 2196 1496 2227 catal.
1519 2196 1656 2236 generali
1682 2197 1772 2229 codd.

930 2249 961 2272 et
982 2240 1071 2283 supra
1085 2250 1131 2271 nr.
1147 2244 1176 2271 6.
1223 2239 1318 2271 Harl.

977 2326 1007 2365 c)
1030 2323 1107 2356 Add.
1124 2323 1257 2357 Gnaeum
1272 2324 1293 2356 Ι.
1309 2336 1335 2356 c.
1355 2334 1424 2367 pag.
1442 2327 1512 2356 626.
1555 2325 1601 2358 H.
