<?xml version="1.0" encoding="UTF-8"?>
<!DOCTYPE html PUBLIC "-//W3C//DTD XHTML 1.0 Transitional//EN"
    "http://www.w3.org/TR/xhtml1/DTD/xhtml1-transitional.dtd">
<html xmlns="http://www.w3.org/1999/xhtml" xml:lang="en" lang="en">
 <head>
  <title>
</title>
<meta http-equiv="Content-Type" content="text/html;charset=utf-8" />
  <meta name='ocr-system' content='tesseract 3.04.00' />
  <meta name='ocr-capabilities' content='ocr_page ocr_carea ocr_par ocr_line ocrx_word'/>
</head>
<body>
  <div class='ocr_page' id='page_1' title='image "./bibliothecagraec09fabruoft_0409.png"; bbox 0 0 2023 2656; ppageno 0'>
   <div class='ocr_carea' id='block_1_1' title="bbox 88 131 1820 184">
    <p class='ocr_par' dir='ltr' id='par_1_1' title="bbox 88 131 1820 184">
     <span class='ocr_line' id='line_1_1' title="bbox 88 131 1820 184; baseline 0.001 -13"><span class='ocrx_word' id='word_1_1' title='bbox 88 134 244 166; x_wconf 70' lang='lat' dir='ltr'>Vol-VIII·</span> <span class='ocrx_word' id='word_1_2' title='bbox 261 131 515 174; x_wconf 48' lang='lat' dir='ltr'>12485P÷87rDE</span> <span class='ocrx_word' id='word_1_3' title='bbox 541 133 676 172; x_wconf 55' lang='lat' dir='ltr'>PRovg</span> <span class='ocrx_word' id='word_1_4' title='bbox 702 136 767 172; x_wconf 81' lang='lat' dir='ltr'>ET</span> <span class='ocrx_word' id='word_1_5' title='bbox 793 137 921 173; x_wconf 79' lang='lat' dir='ltr'>FATo</span> <span class='ocrx_word' id='word_1_6' title='bbox 939 137 1012 172; x_wconf 86' lang='lat' dir='ltr'>-AD</span> <span class='ocrx_word' id='word_1_7' title='bbox 1038 135 1222 175; x_wconf 86' lang='lat' dir='ltr'>THEOD.</span> <span class='ocrx_word' id='word_1_8' title='bbox 1246 138 1397 173; x_wconf 83' lang='lat' dir='ltr'>MECH.</span> <span class='ocrx_word' id='word_1_9' title='bbox 1420 137 1552 175; x_wconf 77' lang='lat' dir='ltr'>Lib.V.</span> <span class='ocrx_word' id='word_1_10' title='bbox 1568 136 1707 174; x_wconf 81' lang='lat' dir='ltr'><em>c.XXI.</em></span> <span class='ocrx_word' id='word_1_11' title='bbox 1757 147 1820 184; x_wconf 79' lang='lat'>389</span> 
     </span>
    </p>
   </div>
   <div class='ocr_carea' id='block_1_2' title="bbox 79 227 1817 640">
    <p class='ocr_par' dir='ltr' id='par_1_2' title="bbox 79 227 1817 640">
     <span class='ocr_line' id='line_1_2' title="bbox 92 227 1817 282; baseline -0.001 -13"><span class='ocrx_word' id='word_1_12' title='bbox 92 243 225 282; x_wconf 83' lang='lat' dir='ltr'>oportet</span> <span class='ocrx_word' id='word_1_13' title='bbox 247 231 418 280; x_wconf 76' lang='lat' dir='ltr'>respicere,</span> <span class='ocrx_word' id='word_1_14' title='bbox 445 246 546 282; x_wconf 75' lang='lat' dir='ltr'>quarn</span> <span class='ocrx_word' id='word_1_15' title='bbox 569 231 662 267; x_wconf 72' lang='lat' dir='ltr'>Plato</span> <span class='ocrx_word' id='word_1_16' title='bbox 691 227 839 280; x_wconf 83' lang='lat' dir='ltr'>quidem,</span> <span class='ocrx_word' id='word_1_17' title='bbox 867 230 1038 267; x_wconf 82' lang='lat' dir='ltr'>occultans</span> <span class='ocrx_word' id='word_1_18' title='bbox 1059 234 1249 274; x_wconf 85' lang='lat' dir='ltr'>veritatem,</span> <span class='ocrx_word' id='word_1_19' title='bbox 1276 238 1426 275; x_wconf 76' lang='lat' dir='ltr'><em>craterem</em></span> <span class='ocrx_word' id='word_1_20' title='bbox 1454 231 1620 282; x_wconf 72' lang='lat' dir='ltr'>appellare</span> <span class='ocrx_word' id='word_1_21' title='bbox 1653 234 1735 268; x_wconf 84' lang='lat' dir='ltr'>mihi</span> <span class='ocrx_word' id='word_1_22' title='bbox 1766 236 1817 268; x_wconf 69' lang='lat' dir='ltr'>vi¹</span> 
     </span>
     <span class='ocr_line' id='line_1_3' title="bbox 91 281 1815 332; baseline 0 -13"><span class='ocrx_word' id='word_1_23' title='bbox 91 285 203 325; x_wconf 87' lang='lat' dir='ltr'>detur,</span> <span class='ocrx_word' id='word_1_24' title='bbox 257 293 288 319; x_wconf 89' lang='lat' dir='ltr'>et</span> <span class='ocrx_word' id='word_1_25' title='bbox 313 281 523 319; x_wconf 60' lang='lat' dir='ltr'>conditorem</span> <span class='ocrx_word' id='word_1_26' title='bbox 548 297 620 320; x_wconf 87' lang='lat' dir='ltr'>non</span> <span class='ocrx_word' id='word_1_27' title='bbox 646 296 686 318; x_wconf 86' lang='lat' dir='ltr'>ex</span> <span class='ocrx_word' id='word_1_28' title='bbox 713 283 862 328; x_wconf 80' lang='lat' dir='ltr'>aethere,</span> <span class='ocrx_word' id='word_1_29' title='bbox 912 281 966 318; x_wconf 86' lang='lat' dir='ltr'>sed</span> <span class='ocrx_word' id='word_1_30' title='bbox 993 294 1068 319; x_wconf 90' lang='lat' dir='ltr'>ante</span> <span class='ocrx_word' id='word_1_31' title='bbox 1092 296 1235 332; x_wconf 85' lang='lat' dir='ltr'>corpora</span> <span class='ocrx_word' id='word_1_32' title='bbox 1253 283 1306 327; x_wconf 15' lang='lat' dir='ltr'>libi</span> <span class='ocrx_word' id='word_1_33' title='bbox 1333 283 1453 323; x_wconf 83' lang='lat' dir='ltr'>alicubi</span> <span class='ocrx_word' id='word_1_34' title='bbox 1480 284 1576 319; x_wconf 82' lang='lat' dir='ltr'>tradit</span> <span class='ocrx_word' id='word_1_35' title='bbox 1609 294 1641 319; x_wconf 85' lang='lat' dir='ltr'>et</span> <span class='ocrx_word' id='word_1_36' title='bbox 1670 288 1815 320; x_wconf 71' lang='lat' dir='ltr'>commi⁴</span> 
     </span>
     <span class='ocr_line' id='line_1_4' title="bbox 86 331 1815 382; baseline 0 -11"><span class='ocrx_word' id='word_1_37' title='bbox 86 335 230 372; x_wconf 85' lang='lat' dir='ltr'>scentem</span> <span class='ocrx_word' id='word_1_38' title='bbox 257 338 414 376; x_wconf 83' lang='lat' dir='ltr'>animam,</span> <span class='ocrx_word' id='word_1_39' title='bbox 467 337 513 370; x_wconf 85' lang='lat' dir='ltr'>vti</span> <span class='ocrx_word' id='word_1_40' title='bbox 539 339 582 370; x_wconf 84' lang='lat' dir='ltr'>ait</span> <span class='ocrx_word' id='word_1_41' title='bbox 606 334 784 375; x_wconf 73' lang='lat' dir='ltr'>Timaeus,</span> <span class='ocrx_word' id='word_1_42' title='bbox 819 340 849 369; x_wconf 81' lang='lat' dir='ltr'>et</span> <span class='ocrx_word' id='word_1_43' title='bbox 874 346 951 375; x_wconf 77' lang='lat' dir='ltr'>eam,</span> <span class='ocrx_word' id='word_1_44' title='bbox 982 347 1060 382; x_wconf 77' lang='lat' dir='ltr'>quae</span> <span class='ocrx_word' id='word_1_45' title='bbox 1088 336 1203 371; x_wconf 78' lang='lat' dir='ltr'>Omnis</span> <span class='ocrx_word' id='word_1_46' title='bbox 1228 331 1274 374; x_wconf 54' lang='lat'>³³)</span> <span class='ocrx_word' id='word_1_47' title='bbox 1300 337 1436 369; x_wconf 79' lang='lat' dir='ltr'>animam</span> <span class='ocrx_word' id='word_1_48' title='bbox 1463 335 1656 381; x_wconf 75' lang='lat' dir='ltr'><em>commiscens</em></span> <span class='ocrx_word' id='word_1_49' title='bbox 1679 334 1815 382; x_wconf 65' lang='lat' dir='ltr'>miscuit.</span> 
     </span>
     <span class='ocr_line' id='line_1_5' title="bbox 85 381 1812 437; baseline -0.001 -16"><span class='ocrx_word' id='word_1_50' title='bbox 85 388 154 437; x_wconf 84' lang='lat' dir='ltr'>Qi</span> <span class='ocrx_word' id='word_1_51' title='bbox 178 396 286 422; x_wconf 86' lang='lat' dir='ltr'>autem</span> <span class='ocrx_word' id='word_1_52' title='bbox 310 399 328 420; x_wconf 81' lang='lat' dir='ltr'>a</span> <span class='ocrx_word' id='word_1_53' title='bbox 355 388 433 421; x_wconf 84' lang='lat' dir='ltr'>Deo</span> <span class='ocrx_word' id='word_1_54' title='bbox 466 385 576 421; x_wconf 77' lang='lat' dir='ltr'>traditi</span> <span class='ocrx_word' id='word_1_55' title='bbox 610 383 776 420; x_wconf 78' lang='lat' dir='ltr'>sermones</span> <span class='ocrx_word' id='word_1_56' title='bbox 809 381 961 427; x_wconf 81' lang='lat' dir='ltr'>fontem,</span> <span class='ocrx_word' id='word_1_57' title='bbox 1013 399 1074 434; x_wconf 88' lang='lat' dir='ltr'>per</span> <span class='ocrx_word' id='word_1_58' title='bbox 1104 385 1135 421; x_wconf 88' lang='lat' dir='ltr'>se</span> <span class='ocrx_word' id='word_1_59' title='bbox 1168 383 1303 422; x_wconf 83' lang='lat' dir='ltr'>laudant</span> <span class='ocrx_word' id='word_1_60' title='bbox 1335 388 1443 421; x_wconf 89' lang='lat' dir='ltr'>omnis</span> <span class='ocrx_word' id='word_1_61' title='bbox 1477 389 1604 421; x_wconf 82' lang='lat' dir='ltr'>animae</span> <span class='ocrx_word' id='word_1_62' title='bbox 1638 389 1812 434; x_wconf 78' lang='lat' dir='ltr'><strong>empyrias,</strong></span> 
     </span>
     <span class='ocr_line' id='line_1_6' title="bbox 81 435 1810 485; baseline -0.001 -12"><span class='ocrx_word' id='word_1_63' title='bbox 81 438 120 473; x_wconf 80' lang='lat' dir='ltr'>id</span> <span class='ocrx_word' id='word_1_64' title='bbox 145 436 190 472; x_wconf 87' lang='lat' dir='ltr'>est</span> <span class='ocrx_word' id='word_1_65' title='bbox 215 437 423 485; x_wconf 73' lang='lat' dir='ltr'>empyriahs,</span> <span class='ocrx_word' id='word_1_66' title='bbox 475 436 684 477; x_wconf 81' lang='lat' dir='ltr'>aetherealis,</span> <span class='ocrx_word' id='word_1_67' title='bbox 735 435 931 470; x_wconf 60' lang='lat' dir='ltr'>materialis:</span> <span class='ocrx_word' id='word_1_68' title='bbox 985 446 1018 470; x_wconf 91' lang='lat' dir='ltr'>et</span> <span class='ocrx_word' id='word_1_69' title='bbox 1046 438 1136 472; x_wconf 88' lang='lat' dir='ltr'>hunc</span> <span class='ocrx_word' id='word_1_70' title='bbox 1163 436 1339 485; x_wconf 84' lang='lat' dir='ltr'>seiungunt</span> <span class='ocrx_word' id='word_1_71' title='bbox 1370 450 1411 472; x_wconf 87' lang='lat' dir='ltr'>ex</span> <span class='ocrx_word' id='word_1_72' title='bbox 1451 446 1517 472; x_wconf 84' lang='lat' dir='ltr'>tota</span> <span class='ocrx_word' id='word_1_73' title='bbox 1549 439 1810 484; x_wconf 84' lang='lat' dir='ltr'>Zoogonothea,</span> 
     </span>
     <span class='ocr_line' id='line_1_7' title="bbox 82 483 1812 537; baseline -0.001 -13"><span class='ocrx_word' id='word_1_74' title='bbox 82 487 120 524; x_wconf 86' lang='lat' dir='ltr'>id</span> <span class='ocrx_word' id='word_1_75' title='bbox 145 487 189 523; x_wconf 81' lang='lat' dir='ltr'>est</span> <span class='ocrx_word' id='word_1_76' title='bbox 216 488 357 537; x_wconf 83' lang='lat' dir='ltr'>specula,</span> <span class='ocrx_word' id='word_1_77' title='bbox 409 502 427 523; x_wconf 85' lang='lat' dir='ltr'>a</span> <span class='ocrx_word' id='word_1_78' title='bbox 454 501 518 537; x_wconf 90' lang='lat' dir='ltr'>qua</span> <span class='ocrx_word' id='word_1_79' title='bbox 545 498 575 523; x_wconf 88' lang='lat' dir='ltr'>et</span> <span class='ocrx_word' id='word_1_80' title='bbox 603 496 712 522; x_wconf 89' lang='lat' dir='ltr'>totum</span> <span class='ocrx_word' id='word_1_81' title='bbox 739 483 845 521; x_wconf 81' lang='lat' dir='ltr'>fatum</span> <span class='ocrx_word' id='word_1_82' title='bbox 872 484 1113 535; x_wconf 77' lang='lat' dir='ltr'>suspendentes,</span> <span class='ocrx_word' id='word_1_83' title='bbox 1167 485 1245 523; x_wconf 84' lang='lat' dir='ltr'>duas</span> <span class='ocrx_word' id='word_1_84' title='bbox 1271 486 1397 524; x_wconf 87' lang='lat' dir='ltr'>faciunt</span> <span class='ocrx_word' id='word_1_85' title='bbox 1418 487 1546 537; x_wconf 56' lang='lat' dir='ltr'>craecis,</span> <span class='ocrx_word' id='word_1_86' title='bbox 1588 486 1622 522; x_wconf 81' lang='lat' dir='ltr'>id</span> <span class='ocrx_word' id='word_1_87' title='bbox 1649 487 1694 522; x_wconf 88' lang='lat' dir='ltr'>est</span> <span class='ocrx_word' id='word_1_88' title='bbox 1721 487 1812 523; x_wconf 79' lang='lat' dir='ltr'>ordi·</span> 
     </span>
     <span class='ocr_line' id='line_1_8' title="bbox 81 536 1814 590; baseline -0.001 -15"><span class='ocrx_word' id='word_1_89' title='bbox 81 553 158 580; x_wconf 80' lang='lat' dir='ltr'>nes,</span> <span class='ocrx_word' id='word_1_90' title='bbox 211 542 297 575; x_wconf 82' lang='lat' dir='ltr'>hane</span> <span class='ocrx_word' id='word_1_91' title='bbox 327 538 463 588; x_wconf 88' lang='lat' dir='ltr'>quidem</span> <span class='ocrx_word' id='word_1_92' title='bbox 496 538 692 579; x_wconf 81' lang='lat' dir='ltr'>animalem,</span> <span class='ocrx_word' id='word_1_93' title='bbox 744 539 830 572; x_wconf 78' lang='lat' dir='ltr'>hane</span> <span class='ocrx_word' id='word_1_94' title='bbox 868 548 997 580; x_wconf 82' lang='lat' dir='ltr'>autem,</span> <span class='ocrx_word' id='word_1_95' title='bbox 1049 549 1081 574; x_wconf 88' lang='lat' dir='ltr'>vt</span> <span class='ocrx_word' id='word_1_96' title='bbox 1108 538 1272 582; x_wconf 82' lang='lat' dir='ltr'>diximus,</span> <span class='ocrx_word' id='word_1_97' title='bbox 1324 537 1500 590; x_wconf 63' lang='grc' dir='ltr'>μοιξωίωμ,</span> <span class='ocrx_word' id='word_1_98' title='bbox 1552 537 1586 573; x_wconf 83' lang='lat' dir='ltr'>id</span> <span class='ocrx_word' id='word_1_99' title='bbox 1621 538 1665 573; x_wconf 83' lang='lat' dir='ltr'>est</span> <span class='ocrx_word' id='word_1_100' title='bbox 1697 536 1814 573; x_wconf 73' lang='lat' dir='ltr'>sortia«</span> 
     </span>
     <span class='ocr_line' id='line_1_9' title="bbox 79 587 1810 640; baseline -0.001 -12"><span class='ocrx_word' id='word_1_101' title='bbox 79 591 168 632; x_wconf 82' lang='lat' dir='ltr'>lem,</span> <span class='ocrx_word' id='word_1_102' title='bbox 196 588 340 626; x_wconf 80' lang='lat' dir='ltr'>fatalem.</span> <span class='ocrx_word' id='word_1_103' title='bbox 393 591 436 626; x_wconf 90' lang='lat' dir='ltr'>Et</span> <span class='ocrx_word' id='word_1_104' title='bbox 461 589 605 625; x_wconf 77' lang='lat' dir='ltr'>animaru</span> <span class='ocrx_word' id='word_1_105' title='bbox 632 602 672 625; x_wconf 86' lang='lat' dir='ltr'>ex</span> <span class='ocrx_word' id='word_1_106' title='bbox 699 587 799 624; x_wconf 88' lang='lat' dir='ltr'>altera</span> <span class='ocrx_word' id='word_1_107' title='bbox 827 590 1006 631; x_wconf 77' lang='lat' dir='ltr'>trahentes,</span> <span class='ocrx_word' id='word_1_108' title='bbox 1041 589 1244 640; x_wconf 80' lang='lat' dir='ltr'>quandoque</span> <span class='ocrx_word' id='word_1_109' title='bbox 1268 601 1379 626; x_wconf 83' lang='lat' dir='ltr'>autem</span> <span class='ocrx_word' id='word_1_110' title='bbox 1405 590 1474 627; x_wconf 74' lang='lat' dir='ltr'>tato</span> <span class='ocrx_word' id='word_1_111' title='bbox 1500 589 1639 632; x_wconf 75' lang='lat' dir='ltr'>seruire,</span> <span class='ocrx_word' id='word_1_112' title='bbox 1674 587 1810 639; x_wconf 79' lang='lat' dir='ltr'>quando</span> 
     </span>
    </p>
   </div>
   <div class='ocr_carea' id='block_1_3' title="bbox 78 639 1395 690">
    <p class='ocr_par' dir='ltr' id='par_1_3' title="bbox 78 639 1395 690">
     <span class='ocr_line' id='line_1_10' title="bbox 78 639 1395 690; baseline -0.001 -12"><span class='ocrx_word' id='word_1_113' title='bbox 78 642 282 679; x_wconf 83' lang='lat' dir='ltr'>irrationalis</span> <span class='ocrx_word' id='word_1_114' title='bbox 308 640 393 678; x_wconf 60' lang='lat' dir='ltr'>facia</span> <span class='ocrx_word' id='word_1_115' title='bbox 417 644 608 678; x_wconf 88' lang='lat' dir='ltr'>Dominum</span> <span class='ocrx_word' id='word_1_116' title='bbox 628 642 884 689; x_wconf 68' lang='lat' dir='ltr'>pei’i&#39;x‘iutauerit.¹</span> <span class='ocrx_word' id='word_1_117' title='bbox 936 654 1000 690; x_wconf 86' lang='lat' dir='ltr'>pro</span> <span class='ocrx_word' id='word_1_118' title='bbox 1027 639 1240 678; x_wconf 82' lang='lat' dir='ltr'>Prouidentia</span> <span class='ocrx_word' id='word_1_119' title='bbox 1266 645 1395 681; x_wconf 73' lang='lat' dir='ltr'>Fatum,</span> 
     </span>
    </p>
   </div>
   <div class='ocr_carea' id='block_1_4' title="bbox 68 741 1810 1356">
    <p class='ocr_par' dir='ltr' id='par_1_4' title="bbox 68 741 1810 1356">
     <span class='ocr_line' id='line_1_11' title="bbox 244 741 1810 795; baseline -0.001 -13"><span class='ocrx_word' id='word_1_120' title='bbox 244 745 397 783; x_wconf 83' lang='lat' dir='ltr'>xxxin,</span> <span class='ocrx_word' id='word_1_121' title='bbox 450 742 553 794; x_wconf 82' lang='lat' dir='ltr'>Qiod</span> <span class='ocrx_word' id='word_1_122' title='bbox 595 751 723 787; x_wconf 82' lang='lat' dir='ltr'>autem,</span> <span class='ocrx_word' id='word_1_123' title='bbox 775 742 858 780; x_wconf 83' lang='lat' dir='ltr'>ficut</span> <span class='ocrx_word' id='word_1_124' title='bbox 898 741 987 787; x_wconf 86' lang='lat' dir='ltr'>dixi,</span> <span class='ocrx_word' id='word_1_125' title='bbox 1042 756 1152 795; x_wconf 84' lang='lat' dir='ltr'>neque</span> <span class='ocrx_word' id='word_1_126' title='bbox 1181 745 1385 794; x_wconf 79' lang='lat' dir='ltr'>geometriae</span> <span class='ocrx_word' id='word_1_127' title='bbox 1416 754 1449 781; x_wconf 90' lang='lat' dir='ltr'>et</span> <span class='ocrx_word' id='word_1_128' title='bbox 1482 744 1706 781; x_wconf 77' lang='lat' dir='ltr'>arithmeticae</span> <span class='ocrx_word' id='word_1_129' title='bbox 1737 756 1810 781; x_wconf 86' lang='lat' dir='ltr'>non</span> 
     </span>
     <span class='ocr_line' id='line_1_12' title="bbox 101 792 1810 845; baseline -0.002 -12"><span class='ocrx_word' id='word_1_130' title='bbox 101 793 171 835; x_wconf 82' lang='lat' dir='ltr'>uod</span> <span class='ocrx_word' id='word_1_131' title='bbox 190 795 414 832; x_wconf 66' lang='lat' dir='ltr'>intellectuali</span> <span class='ocrx_word' id='word_1_132' title='bbox 442 798 635 844; x_wconf 83' lang='lat' dir='ltr'>operatione</span> <span class='ocrx_word' id='word_1_133' title='bbox 662 796 798 845; x_wconf 83' lang='lat' dir='ltr'>dignam</span> <span class='ocrx_word' id='word_1_134' title='bbox 823 795 1055 844; x_wconf 80' lang='lat' dir='ltr'>pronunciasti</span> <span class='ocrx_word' id='word_1_135' title='bbox 1075 796 1224 832; x_wconf 81' lang='lat' dir='ltr'>nostram</span> <span class='ocrx_word' id='word_1_136' title='bbox 1249 801 1394 833; x_wconf 84' lang='lat' dir='ltr'>animam</span> <span class='ocrx_word' id='word_1_137' title='bbox 1421 792 1564 832; x_wconf 88' lang='lat' dir='ltr'>sensibus</span> <span class='ocrx_word' id='word_1_138' title='bbox 1591 796 1694 845; x_wconf 80' lang='lat' dir='ltr'>ipsam</span> <span class='ocrx_word' id='word_1_139' title='bbox 1711 809 1810 831; x_wconf 83' lang='lat' dir='ltr'>coor-</span> 
     </span>
     <span class='ocr_line' id='line_1_13' title="bbox 103 845 1807 897; baseline -0.001 -14"><span class='ocrx_word' id='word_1_140' title='bbox 103 851 214 889; x_wconf 75' lang='lat' dir='ltr'>&#39;nan3,</span> <span class='ocrx_word' id='word_1_141' title='bbox 268 845 411 883; x_wconf 80' lang='lat' dir='ltr'>addisces</span> <span class='ocrx_word' id='word_1_142' title='bbox 445 850 565 897; x_wconf 35' lang='lat' dir='ltr'>vtique·</span> <span class='ocrx_word' id='word_1_143' title='bbox 584 846 794 882; x_wconf 77' lang='lat' dir='ltr'>considerans</span> <span class='ocrx_word' id='word_1_144' title='bbox 831 846 922 896; x_wconf 85' lang='lat' dir='ltr'>quod</span> <span class='ocrx_word' id='word_1_145' title='bbox 956 848 1024 882; x_wconf 88' lang='lat' dir='ltr'>hoc</span> <span class='ocrx_word' id='word_1_146' title='bbox 1055 851 1204 896; x_wconf 89' lang='lat' dir='ltr'>primum</span> <span class='ocrx_word' id='word_1_147' title='bbox 1239 861 1323 897; x_wconf 86' lang='lat' dir='ltr'>opus</span> <span class='ocrx_word' id='word_1_148' title='bbox 1357 847 1402 882; x_wconf 87' lang='lat' dir='ltr'>est</span> <span class='ocrx_word' id='word_1_149' title='bbox 1435 846 1642 893; x_wconf 80' lang='lat' dir='ltr'>scientiarum</span> <span class='ocrx_word' id='word_1_150' title='bbox 1675 850 1807 887; x_wconf 65' lang='lat' dir='ltr'>harum,</span> 
     </span>
     <span class='ocr_line' id='line_1_14' title="bbox 76 896 1809 947; baseline -0.001 -12"><span class='ocrx_word' id='word_1_151' title='bbox 76 896 194 935; x_wconf 73' lang='lat' dir='ltr'>cessare</span> <span class='ocrx_word' id='word_1_152' title='bbox 219 899 258 935; x_wconf 89' lang='lat' dir='ltr'>ab</span> <span class='ocrx_word' id='word_1_153' title='bbox 285 900 396 933; x_wconf 83' lang='lat' dir='ltr'>anima</span> <span class='ocrx_word' id='word_1_154' title='bbox 421 911 491 934; x_wconf 87' lang='lat' dir='ltr'>eam</span> <span class='ocrx_word' id='word_1_155' title='bbox 517 909 600 947; x_wconf 77' lang='lat' dir='ltr'>quae</span> <span class='ocrx_word' id='word_1_156' title='bbox 626 897 702 935; x_wconf 79' lang='lat' dir='ltr'>cuin</span> <span class='ocrx_word' id='word_1_157' title='bbox 727 897 870 934; x_wconf 76' lang='lat' dir='ltr'>sensibus</span> <span class='ocrx_word' id='word_1_158' title='bbox 898 901 1148 947; x_wconf 68' lang='lat' dir='ltr'>operationem,</span> <span class='ocrx_word' id='word_1_159' title='bbox 1201 909 1233 935; x_wconf 89' lang='lat' dir='ltr'>et</span> <span class='ocrx_word' id='word_1_160' title='bbox 1264 899 1426 935; x_wconf 87' lang='lat' dir='ltr'>abducere</span> <span class='ocrx_word' id='word_1_161' title='bbox 1457 912 1497 935; x_wconf 87' lang='lat' dir='ltr'>ex</span> <span class='ocrx_word' id='word_1_162' title='bbox 1530 901 1587 940; x_wconf 87' lang='lat' dir='ltr'>iis,</span> <span class='ocrx_word' id='word_1_163' title='bbox 1641 909 1675 933; x_wconf 89' lang='lat' dir='ltr'>vt</span> <span class='ocrx_word' id='word_1_164' title='bbox 1708 897 1809 947; x_wconf 75' lang='lat' dir='ltr'>pofl&#39;i-</span> 
     </span>
     <span class='ocr_line' id='line_1_15' title="bbox 74 947 1809 992; baseline -0.001 -7"><span class='ocrx_word' id='word_1_165' title='bbox 74 950 162 991; x_wconf 76' lang='lat' dir='ltr'>bile,</span> <span class='ocrx_word' id='word_1_166' title='bbox 215 960 247 985; x_wconf 89' lang='lat' dir='ltr'>et</span> <span class='ocrx_word' id='word_1_167' title='bbox 274 947 468 985; x_wconf 81' lang='lat' dir='ltr'>assuefacere</span> <span class='ocrx_word' id='word_1_168' title='bbox 495 952 581 986; x_wconf 86' lang='lat' dir='ltr'>intus</span> <span class='ocrx_word' id='word_1_169' title='bbox 614 947 746 991; x_wconf 75' lang='lat' dir='ltr'>videi-e,</span> <span class='ocrx_word' id='word_1_170' title='bbox 799 960 832 985; x_wconf 87' lang='lat' dir='ltr'>et</span> <span class='ocrx_word' id='word_1_171' title='bbox 860 952 1006 986; x_wconf 84' lang='lat' dir='ltr'>rat-iones</span> <span class='ocrx_word' id='word_1_172' title='bbox 1039 949 1152 986; x_wconf 88' lang='lat' dir='ltr'>videre</span> <span class='ocrx_word' id='word_1_173' title='bbox 1184 951 1434 992; x_wconf 81' lang='lat' dir='ltr'>immateriales,</span> <span class='ocrx_word' id='word_1_174' title='bbox 1488 961 1520 986; x_wconf 89' lang='lat' dir='ltr'>et</span> <span class='ocrx_word' id='word_1_175' title='bbox 1556 948 1809 985; x_wconf 78' lang='lat' dir='ltr'>demonstratio-</span> 
     </span>
     <span class='ocr_line' id='line_1_16' title="bbox 73 999 1809 1051; baseline -0.001 -15"><span class='ocrx_word' id='word_1_176' title='bbox 73 1015 130 1037; x_wconf 87' lang='lat' dir='ltr'>nes</span> <span class='ocrx_word' id='word_1_177' title='bbox 159 1005 324 1051; x_wconf 82' lang='lat' dir='ltr'>inquirere</span> <span class='ocrx_word' id='word_1_178' title='bbox 347 1004 582 1036; x_wconf 74' lang='lat' dir='ltr'>contrariantes</span> <span class='ocrx_word' id='word_1_179' title='bbox 614 999 774 1041; x_wconf 83' lang='lat' dir='ltr'>senfibus:</span> <span class='ocrx_word' id='word_1_180' title='bbox 825 1002 849 1035; x_wconf 87' lang='lat' dir='ltr'>ii</span> <span class='ocrx_word' id='word_1_181' title='bbox 886 1001 1022 1049; x_wconf 79' lang='lat' dir='ltr'>quidem</span> <span class='ocrx_word' id='word_1_182' title='bbox 1056 1004 1147 1036; x_wconf 84' lang='lat' dir='ltr'>enim</span> <span class='ocrx_word' id='word_1_183' title='bbox 1182 1001 1330 1037; x_wconf 87' lang='lat' dir='ltr'>recusant</span> <span class='ocrx_word' id='word_1_184' title='bbox 1363 1000 1678 1049; x_wconf 79' lang='lat' dir='ltr'>impartibilitatem,</span> <span class='ocrx_word' id='word_1_185' title='bbox 1726 1001 1809 1035; x_wconf 68' lang='lat' dir='ltr'>haee</span> 
     </span>
     <span class='ocr_line' id='line_1_17' title="bbox 73 1050 1805 1101; baseline -0.001 -14"><span class='ocrx_word' id='word_1_186' title='bbox 73 1064 182 1098; x_wconf 79' lang='lat' dir='ltr'>autem</span> <span class='ocrx_word' id='word_1_187' title='bbox 209 1054 248 1087; x_wconf 90' lang='lat' dir='ltr'>ab</span> <span class='ocrx_word' id='word_1_188' title='bbox 275 1052 527 1099; x_wconf 76' lang='lat' dir='ltr'>impartibilibus</span> <span class='ocrx_word' id='word_1_189' title='bbox 555 1050 618 1087; x_wconf 82' lang='lat' dir='ltr'>effe</span> <span class='ocrx_word' id='word_1_190' title='bbox 644 1051 850 1087; x_wconf 79' lang='lat' dir='ltr'>existentiam</span> <span class='ocrx_word' id='word_1_191' title='bbox 876 1052 1082 1100; x_wconf 80' lang='lat' dir='ltr'>partibilibus</span> <span class='ocrx_word' id='word_1_192' title='bbox 1108 1056 1153 1087; x_wconf 86' lang='lat' dir='ltr'>ait</span> <span class='ocrx_word' id='word_1_193' title='bbox 1180 1063 1212 1088; x_wconf 89' lang='lat' dir='ltr'>et</span> <span class='ocrx_word' id='word_1_194' title='bbox 1238 1055 1420 1101; x_wconf 85' lang='lat' dir='ltr'>principia,</span> <span class='ocrx_word' id='word_1_195' title='bbox 1473 1055 1512 1086; x_wconf 87' lang='lat' dir='ltr'>iis</span> <span class='ocrx_word' id='word_1_196' title='bbox 1541 1051 1678 1101; x_wconf 88' lang='lat' dir='ltr'>quidem</span> <span class='ocrx_word' id='word_1_197' title='bbox 1704 1054 1805 1100; x_wconf 80' lang='lat' dir='ltr'>parti-</span> 
     </span>
     <span class='ocr_line' id='line_1_18' title="bbox 72 1100 1805 1152; baseline -0.001 -13"><span class='ocrx_word' id='word_1_198' title='bbox 72 1104 170 1149; x_wconf 80' lang='lat' dir='ltr'>bilia,</span> <span class='ocrx_word' id='word_1_199' title='bbox 224 1107 260 1139; x_wconf 85' lang='lat' dir='ltr'>iis</span> <span class='ocrx_word' id='word_1_200' title='bbox 295 1116 403 1138; x_wconf 77' lang='lat' dir='ltr'>autem</span> <span class='ocrx_word' id='word_1_201' title='bbox 437 1104 656 1150; x_wconf 71' lang='lat' dir='ltr'>impartibilia.</span> <span class='ocrx_word' id='word_1_202' title='bbox 714 1105 757 1137; x_wconf 90' lang='lat' dir='ltr'>Et</span> <span class='ocrx_word' id='word_1_203' title='bbox 782 1100 889 1137; x_wconf 84' lang='lat' dir='ltr'>sensus</span> <span class='ocrx_word' id='word_1_204' title='bbox 916 1102 1071 1151; x_wconf 82' lang='lat' dir='ltr'>quidem,</span> <span class='ocrx_word' id='word_1_205' title='bbox 1123 1117 1207 1152; x_wconf 87' lang='lat' dir='ltr'>quae</span> <span class='ocrx_word' id='word_1_206' title='bbox 1234 1103 1360 1152; x_wconf 84' lang='lat' dir='ltr'>aliquid</span> <span class='ocrx_word' id='word_1_207' title='bbox 1396 1113 1427 1138; x_wconf 89' lang='lat' dir='ltr'>et</span> <span class='ocrx_word' id='word_1_208' title='bbox 1461 1102 1637 1152; x_wconf 73' lang='lat' dir='ltr'>singularia</span> <span class='ocrx_word' id='word_1_209' title='bbox 1675 1115 1805 1150; x_wconf 73' lang='lat' dir='ltr'>cogno·</span> 
     </span>
     <span class='ocr_line' id='line_1_19' title="bbox 71 1152 1807 1203; baseline -0.001 -12"><span class='ocrx_word' id='word_1_210' title='bbox 71 1152 160 1192; x_wconf 90' lang='lat' dir='ltr'>scere</span> <span class='ocrx_word' id='word_1_211' title='bbox 185 1164 318 1203; x_wconf 70' lang='lat' dir='ltr'>putantz</span> <span class='ocrx_word' id='word_1_212' title='bbox 371 1166 425 1188; x_wconf 83' lang='lat' dir='ltr'>eae</span> <span class='ocrx_word' id='word_1_213' title='bbox 452 1164 561 1188; x_wconf 85' lang='lat' dir='ltr'>autem</span> <span class='ocrx_word' id='word_1_214' title='bbox 590 1152 802 1192; x_wconf 77' lang='lat' dir='ltr'>vniuersalia‚</span> <span class='ocrx_word' id='word_1_215' title='bbox 855 1162 887 1187; x_wconf 92' lang='lat' dir='ltr'>et</span> <span class='ocrx_word' id='word_1_216' title='bbox 921 1165 1066 1200; x_wconf 85' lang='lat' dir='ltr'>quorum</span> <span class='ocrx_word' id='word_1_217' title='bbox 1089 1153 1218 1189; x_wconf 82' lang='lat' dir='ltr'>¹eadem</span> <span class='ocrx_word' id='word_1_218' title='bbox 1247 1162 1364 1188; x_wconf 70' lang='lat' dir='ltr'>natura</span> <span class='ocrx_word' id='word_1_219' title='bbox 1397 1153 1542 1200; x_wconf 62' lang='lat' dir='ltr'>semper,</span> <span class='ocrx_word' id='word_1_220' title='bbox 1596 1166 1696 1201; x_wconf 78' lang='lat' dir='ltr'>quam</span> <span class='ocrx_word' id='word_1_221' title='bbox 1731 1165 1807 1189; x_wconf 63' lang='lat' dir='ltr'>non&gt;</span> 
     </span>
     <span class='ocr_line' id='line_1_20' title="bbox 70 1200 1806 1252; baseline -0.001 -11"><span class='ocrx_word' id='word_1_222' title='bbox 70 1220 88 1241; x_wconf 86' lang='lat' dir='ltr'>a</span> <span class='ocrx_word' id='word_1_223' title='bbox 113 1205 314 1243; x_wconf 78' lang='lat' dir='ltr'>sensibilibus</span> <span class='ocrx_word' id='word_1_224' title='bbox 339 1213 544 1251; x_wconf 85' lang='lat' dir='ltr'>acceperunt.</span> <span class='ocrx_word' id='word_1_225' title='bbox 597 1205 678 1238; x_wconf 88' lang='lat' dir='ltr'>Non</span> <span class='ocrx_word' id='word_1_226' title='bbox 705 1207 795 1238; x_wconf 87' lang='lat' dir='ltr'>enim</span> <span class='ocrx_word' id='word_1_227' title='bbox 822 1200 896 1238; x_wconf 85' lang='lat' dir='ltr'>sunt</span> <span class='ocrx_word' id='word_1_228' title='bbox 922 1216 1006 1251; x_wconf 90' lang='lat' dir='ltr'>quae</span> <span class='ocrx_word' id='word_1_229' title='bbox 1031 1201 1225 1252; x_wconf 71' lang='lat' dir='ltr'>impersecta</span> <span class='ocrx_word' id='word_1_230' title='bbox 1249 1201 1477 1252; x_wconf 65' lang='lat' dir='ltr'>perfediorum</span> <span class='ocrx_word' id='word_1_231' title='bbox 1505 1201 1614 1243; x_wconf 86' lang='lat' dir='ltr'>causa,</span> <span class='ocrx_word' id='word_1_232' title='bbox 1667 1202 1722 1238; x_wconf 86' lang='lat' dir='ltr'>sed</span> <span class='ocrx_word' id='word_1_233' title='bbox 1750 1203 1806 1239; x_wconf 82' lang='lat' dir='ltr'>de-</span> 
     </span>
     <span class='ocr_line' id='line_1_21' title="bbox 68 1251 1803 1306; baseline -0.002 -14"><span class='ocrx_word' id='word_1_234' title='bbox 68 1255 165 1306; x_wconf 85' lang='lat' dir='ltr'>super</span> <span class='ocrx_word' id='word_1_235' title='bbox 191 1258 229 1292; x_wconf 90' lang='lat' dir='ltr'>ab</span> <span class='ocrx_word' id='word_1_236' title='bbox 256 1255 465 1295; x_wconf 56' lang='lat' dir='ltr'>intellectu,</span> <span class='ocrx_word' id='word_1_237' title='bbox 495 1264 637 1302; x_wconf 82' lang='lat' dir='ltr'>propter</span> <span class='ocrx_word' id='word_1_238' title='bbox 663 1251 756 1303; x_wconf 85' lang='lat' dir='ltr'>quod</span> <span class='ocrx_word' id='word_1_239' title='bbox 791 1263 823 1288; x_wconf 89' lang='lat' dir='ltr'>et</span> <span class='ocrx_word' id='word_1_240' title='bbox 850 1252 997 1293; x_wconf 84' lang='lat' dir='ltr'>iudicant</span> <span class='ocrx_word' id='word_1_241' title='bbox 1027 1253 1154 1296; x_wconf 79' lang='lat' dir='ltr'>sensuS,</span> <span class='ocrx_word' id='word_1_242' title='bbox 1208 1265 1240 1289; x_wconf 90' lang='lat' dir='ltr'>et</span> <span class='ocrx_word' id='word_1_243' title='bbox 1275 1255 1477 1302; x_wconf 69' lang='lat' dir='ltr'>exprobrant</span> <span class='ocrx_word' id='word_1_244' title='bbox 1509 1253 1585 1302; x_wconf 82' lang='lat' dir='ltr'>ipiis</span> <span class='ocrx_word' id='word_1_245' title='bbox 1618 1252 1803 1302; x_wconf 79' lang='lat' dir='ltr'>grossitiem</span> 
     </span>
     <span class='ocr_line' id='line_1_22' title="bbox 70 1303 1802 1356; baseline -0.003 -11"><span class='ocrx_word' id='word_1_246' title='bbox 70 1309 289 1352; x_wconf 79' lang='lat' dir='ltr'>cognitionis,</span> <span class='ocrx_word' id='word_1_247' title='bbox 343 1319 393 1341; x_wconf 83' lang='lat' dir='ltr'>eas</span> <span class='ocrx_word' id='word_1_248' title='bbox 419 1319 501 1355; x_wconf 89' lang='lat' dir='ltr'>quae</span> <span class='ocrx_word' id='word_1_249' title='bbox 528 1305 586 1352; x_wconf 65' lang='lat' dir='ltr'>[lss]</span> <span class='ocrx_word' id='word_1_250' title='bbox 616 1318 693 1341; x_wconf 90' lang='lat' dir='ltr'>cum</span> <span class='ocrx_word' id='word_1_251' title='bbox 719 1303 919 1354; x_wconf 79' lang='lat' dir='ltr'>passionibus</span> <span class='ocrx_word' id='word_1_252' title='bbox 950 1310 1180 1356; x_wconf 78' lang='lat' dir='ltr'>perceptiones</span> <span class='ocrx_word' id='word_1_253' title='bbox 1213 1304 1493 1356; x_wconf 71' lang='lat' dir='ltr'>cognoscibilium</span> <span class='ocrx_word' id='word_1_254' title='bbox 1530 1303 1802 1350; x_wconf 71' lang='lat' dir='ltr'>indeterminabi-¹</span> 
     </span>
    </p>
   </div>
   <div class='ocr_carea' id='block_1_5' title="bbox 65 1357 464 1396">
    <p class='ocr_par' dir='ltr' id='par_1_5' title="bbox 65 1357 464 1396">
     <span class='ocr_line' id='line_1_23' title="bbox 65 1357 464 1396; baseline -0.005 -2"><span class='ocrx_word' id='word_1_255' title='bbox 65 1359 112 1396; x_wconf 89' lang='lat' dir='ltr'>les</span> <span class='ocrx_word' id='word_1_256' title='bbox 139 1374 157 1395; x_wconf 87' lang='lat' dir='ltr'>a</span> <span class='ocrx_word' id='word_1_257' title='bbox 180 1357 323 1396; x_wconf 77' lang='lat' dir='ltr'>sensibus</span> <span class='ocrx_word' id='word_1_258' title='bbox 339 1368 464 1393; x_wconf 87' lang='lat' dir='ltr'>motus.</span> 
     </span>
    </p>
   </div>
   <div class='ocr_carea' id='block_1_6' title="bbox 58 1456 1798 2026">
    <p class='ocr_par' dir='ltr' id='par_1_6' title="bbox 58 1456 1798 2026">
     <span class='ocr_line' id='line_1_24' title="bbox 231 1456 1798 1512; baseline -0.001 -14"><span class='ocrx_word' id='word_1_259' title='bbox 231 1462 380 1498; x_wconf 83' lang='lat' dir='ltr'><strong>XXXIV.</strong></span> <span class='ocrx_word' id='word_1_260' title='bbox 433 1461 568 1498; x_wconf 85' lang='lat' dir='ltr'>Etenim</span> <span class='ocrx_word' id='word_1_261' title='bbox 593 1456 666 1498; x_wconf 83' lang='lat' dir='ltr'>sunt</span> <span class='ocrx_word' id='word_1_262' title='bbox 693 1470 781 1499; x_wconf 87' lang='lat' dir='ltr'>entes</span> <span class='ocrx_word' id='word_1_263' title='bbox 805 1459 952 1499; x_wconf 68' lang='lat' dir='ltr'>ludicrae</span> <span class='ocrx_word' id='word_1_264' title='bbox 986 1460 1215 1511; x_wconf 80' lang='lat' dir='ltr'>cognitiones,</span> <span class='ocrx_word' id='word_1_265' title='bbox 1270 1473 1354 1512; x_wconf 81' lang='lat' dir='ltr'>quae</span> <span class='ocrx_word' id='word_1_266' title='bbox 1384 1457 1534 1499; x_wconf 77' lang='lat' dir='ltr'>sensuum</span> <span class='ocrx_word' id='word_1_267' title='bbox 1567 1460 1798 1511; x_wconf 59' lang='lat' dir='ltr'>cognitionem</span> 
     </span>
     <span class='ocr_line' id='line_1_25' title="bbox 65 1512 1794 1566; baseline -0.003 -14"><span class='ocrx_word' id='word_1_268' title='bbox 65 1528 149 1566; x_wconf 81' lang='lat' dir='ltr'>quae</span> <span class='ocrx_word' id='word_1_269' title='bbox 173 1524 283 1550; x_wconf 84' lang='lat' dir='ltr'>autem</span> <span class='ocrx_word' id='word_1_270' title='bbox 311 1513 444 1548; x_wconf 86' lang='lat' dir='ltr'>illarum</span> <span class='ocrx_word' id='word_1_271' title='bbox 472 1517 536 1548; x_wconf 87' lang='lat' dir='ltr'>iam</span> <span class='ocrx_word' id='word_1_272' title='bbox 561 1513 720 1550; x_wconf 74' lang='lat' dir='ltr'>studiosae</span> <span class='ocrx_word' id='word_1_273' title='bbox 748 1524 778 1549; x_wconf 88' lang='lat' dir='ltr'>et</span> <span class='ocrx_word' id='word_1_274' title='bbox 805 1512 1067 1554; x_wconf 68' lang='lat' dir='ltr'>ass&#39;uefacientes‚</span> <span class='ocrx_word' id='word_1_275' title='bbox 1119 1528 1137 1549; x_wconf 88' lang='lat' dir='ltr'>a</span> <span class='ocrx_word' id='word_1_276' title='bbox 1163 1513 1297 1550; x_wconf 84' lang='lat' dir='ltr'>ludicris</span> <span class='ocrx_word' id='word_1_277' title='bbox 1325 1514 1460 1563; x_wconf 86' lang='lat' dir='ltr'>quidem</span> <span class='ocrx_word' id='word_1_278' title='bbox 1484 1512 1629 1554; x_wconf 76' lang='lat' dir='ltr'>absolui,</span> <span class='ocrx_word' id='word_1_279' title='bbox 1681 1513 1794 1547; x_wconf 82' lang='lat' dir='ltr'>venari</span> 
     </span>
     <span class='ocr_line' id='line_1_26' title="bbox 63 1561 1796 1615; baseline -0.003 -12"><span class='ocrx_word' id='word_1_280' title='bbox 63 1577 173 1603; x_wconf 87' lang='lat' dir='ltr'>autem</span> <span class='ocrx_word' id='word_1_281' title='bbox 199 1568 290 1601; x_wconf 81' lang='lat' dir='ltr'>Entis</span> <span class='ocrx_word' id='word_1_282' title='bbox 318 1567 546 1613; x_wconf 81' lang='lat' dir='ltr'>cognitionem</span> <span class='ocrx_word' id='word_1_283' title='bbox 572 1578 636 1613; x_wconf 85' lang='lat' dir='ltr'>pro</span> <span class='ocrx_word' id='word_1_284' title='bbox 668 1565 807 1602; x_wconf 82' lang='lat' dir='ltr'>ludicra.</span> <span class='ocrx_word' id='word_1_285' title='bbox 869 1567 967 1601; x_wconf 85' lang='lat' dir='ltr'>Hanc</span> <span class='ocrx_word' id='word_1_286' title='bbox 999 1561 1136 1613; x_wconf 81' lang='lat' dir='ltr'>quidem</span> <span class='ocrx_word' id='word_1_287' title='bbox 1167 1564 1268 1615; x_wconf 83' lang='lat' dir='ltr'>igitur</span> <span class='ocrx_word' id='word_1_288' title='bbox 1299 1569 1401 1600; x_wconf 83' lang='lat' dir='ltr'>vitani</span> <span class='ocrx_word' id='word_1_289' title='bbox 1436 1576 1467 1601; x_wconf 89' lang='lat' dir='ltr'>et</span> <span class='ocrx_word' id='word_1_290' title='bbox 1498 1564 1629 1601; x_wconf 78' lang='lat' dir='ltr'>fatalem</span> <span class='ocrx_word' id='word_1_291' title='bbox 1664 1562 1726 1599; x_wconf 84' lang='lat' dir='ltr'>effe</span> <span class='ocrx_word' id='word_1_292' title='bbox 1763 1571 1796 1598; x_wconf 82' lang='lat' dir='ltr'>et</span> 
     </span>
     <span class='ocr_line' id='line_1_27' title="bbox 61 1614 1795 1668; baseline -0.003 -14"><span class='ocrx_word' id='word_1_293' title='bbox 61 1622 128 1668; x_wconf 85' lang='lat' dir='ltr'>pati</span> <span class='ocrx_word' id='word_1_294' title='bbox 162 1618 238 1653; x_wconf 82' lang='lat' dir='ltr'>alias</span> <span class='ocrx_word' id='word_1_295' title='bbox 271 1617 333 1653; x_wconf 82' lang='lat' dir='ltr'>alia</span> <span class='ocrx_word' id='word_1_296' title='bbox 365 1629 440 1651; x_wconf 88' lang='lat' dir='ltr'>cuin</span> <span class='ocrx_word' id='word_1_297' title='bbox 475 1616 684 1663; x_wconf 75' lang='lat' dir='ltr'>coi-poribus,</span> <span class='ocrx_word' id='word_1_298' title='bbox 718 1620 754 1652; x_wconf 87' lang='lat' dir='ltr'>in</span> <span class='ocrx_word' id='word_1_299' title='bbox 781 1617 899 1666; x_wconf 86' lang='lat' dir='ltr'>quibus</span> <span class='ocrx_word' id='word_1_300' title='bbox 926 1614 1072 1652; x_wconf 78' lang='lat' dir='ltr'>consistit</span> <span class='ocrx_word' id='word_1_301' title='bbox 1104 1617 1196 1666; x_wconf 91' lang='lat' dir='ltr'>quod</span> <span class='ocrx_word' id='word_1_302' title='bbox 1229 1631 1248 1652; x_wconf 85' lang='lat' dir='ltr'>a</span> <span class='ocrx_word' id='word_1_303' title='bbox 1278 1614 1347 1652; x_wconf 84' lang='lat' dir='ltr'>fato</span> <span class='ocrx_word' id='word_1_304' title='bbox 1381 1615 1605 1653; x_wconf 76' lang='lat' dir='ltr'>necessarium.</span> <span class='ocrx_word' id='word_1_305' title='bbox 1675 1617 1795 1651; x_wconf 87' lang='lat' dir='ltr'>Omnis-</span> 
     </span>
     <span class='ocr_line' id='line_1_28' title="bbox 60 1661 1794 1718; baseline -0.003 -12"><span class='ocrx_word' id='word_1_306' title='bbox 60 1674 151 1706; x_wconf 82' lang='lat' dir='ltr'>enim</span> <span class='ocrx_word' id='word_1_307' title='bbox 171 1667 289 1718; x_wconf 83' lang='lat' dir='ltr'>species</span> <span class='ocrx_word' id='word_1_308' title='bbox 306 1682 323 1702; x_wconf 92' lang='lat' dir='ltr'>a</span> <span class='ocrx_word' id='word_1_309' title='bbox 343 1671 477 1702; x_wconf 83' lang='lat' dir='ltr'>materia</span> <span class='ocrx_word' id='word_1_310' title='bbox 494 1665 693 1715; x_wconf 77' lang='lat' dir='ltr'>separabilis,</span> <span class='ocrx_word' id='word_1_311' title='bbox 719 1667 796 1703; x_wconf 85' lang='lat' dir='ltr'>inde</span> <span class='ocrx_word' id='word_1_312' title='bbox 810 1678 842 1703; x_wconf 90' lang='lat' dir='ltr'>et</span> <span class='ocrx_word' id='word_1_313' title='bbox 857 1669 1074 1715; x_wconf 84' lang='lat' dir='ltr'>abgenerat-ur</span> <span class='ocrx_word' id='word_1_314' title='bbox 1091 1677 1123 1703; x_wconf 85' lang='lat' dir='ltr'>et</span> <span class='ocrx_word' id='word_1_315' title='bbox 1143 1671 1348 1704; x_wconf 85' lang='lat' dir='ltr'>continetur:</span> <span class='ocrx_word' id='word_1_316' title='bbox 1375 1667 1532 1704; x_wconf 82' lang='lat' dir='ltr'>conuersa</span> <span class='ocrx_word' id='word_1_317' title='bbox 1548 1670 1637 1703; x_wconf 85' lang='lat' dir='ltr'>enim</span> <span class='ocrx_word' id='word_1_318' title='bbox 1658 1665 1724 1714; x_wconf 85' lang='lat' dir='ltr'>ipsa</span> <span class='ocrx_word' id='word_1_319' title='bbox 1748 1661 1794 1700; x_wconf 70' lang='lat' dir='ltr'>ad</span> 
     </span>
     <span class='ocr_line' id='line_1_29' title="bbox 60 1712 1792 1769; baseline -0.005 -12"><span class='ocrx_word' id='word_1_320' title='bbox 60 1720 93 1758; x_wconf 83' lang='lat' dir='ltr'>se</span> <span class='ocrx_word' id='word_1_321' title='bbox 108 1719 209 1769; x_wconf 85' lang='lat' dir='ltr'>ipsam</span> <span class='ocrx_word' id='word_1_322' title='bbox 226 1733 296 1755; x_wconf 85' lang='lat' dir='ltr'>non</span> <span class='ocrx_word' id='word_1_323' title='bbox 310 1721 476 1767; x_wconf 86' lang='lat' dir='ltr'>contingit</span> <span class='ocrx_word' id='word_1_324' title='bbox 491 1717 618 1760; x_wconf 85' lang='lat' dir='ltr'>dicere,</span> <span class='ocrx_word' id='word_1_325' title='bbox 646 1718 738 1767; x_wconf 82' lang='lat' dir='ltr'>quod</span> <span class='ocrx_word' id='word_1_326' title='bbox 761 1717 850 1754; x_wconf 88' lang='lat' dir='ltr'>aliud</span> <span class='ocrx_word' id='word_1_327' title='bbox 874 1717 1011 1769; x_wconf 85' lang='lat' dir='ltr'>quidem</span> <span class='ocrx_word' id='word_1_328' title='bbox 1035 1719 1080 1754; x_wconf 77' lang='lat' dir='ltr'>est</span> <span class='ocrx_word' id='word_1_329' title='bbox 1100 1719 1190 1768; x_wconf 90' lang='lat' dir='ltr'>quod</span> <span class='ocrx_word' id='word_1_330' title='bbox 1210 1716 1406 1755; x_wconf 84' lang='lat' dir='ltr'>extrinsecus</span> <span class='ocrx_word' id='word_1_331' title='bbox 1432 1716 1492 1767; x_wconf 76' lang='lat' dir='ltr'>ipsi</span> <span class='ocrx_word' id='word_1_332' title='bbox 1512 1718 1666 1763; x_wconf 80' lang='lat' dir='ltr'>aduenit,</span> <span class='ocrx_word' id='word_1_333' title='bbox 1699 1712 1792 1752; x_wconf 79' lang='lat' dir='ltr'>aliud</span> 
     </span>
     <span class='ocr_line' id='line_1_30' title="bbox 60 1766 1789 1820; baseline -0.004 -12"><span class='ocrx_word' id='word_1_334' title='bbox 60 1782 171 1808; x_wconf 78' lang='lat' dir='ltr'>autem</span> <span class='ocrx_word' id='word_1_335' title='bbox 187 1769 228 1809; x_wconf 71' lang='grc' dir='ltr'>τὸ</span> <span class='ocrx_word' id='word_1_336' title='bbox 251 1783 385 1812; x_wconf 79' lang='lat' dir='ltr'>verum3</span> <span class='ocrx_word' id='word_1_337' title='bbox 414 1769 494 1804; x_wconf 87' lang='lat' dir='ltr'>dicit</span> <span class='ocrx_word' id='word_1_338' title='bbox 514 1779 623 1805; x_wconf 78' lang='lat' dir='ltr'>autem</span> <span class='ocrx_word' id='word_1_339' title='bbox 638 1769 723 1806; x_wconf 68' lang='lat' dir='ltr'>iliud</span> <span class='ocrx_word' id='word_1_340' title='bbox 739 1769 867 1816; x_wconf 82' lang='lat' dir='ltr'>solum,</span> <span class='ocrx_word' id='word_1_341' title='bbox 895 1770 988 1820; x_wconf 84' lang='lat' dir='ltr'>quod</span> <span class='ocrx_word' id='word_1_342' title='bbox 1001 1768 1183 1819; x_wconf 68' lang='lat' dir='ltr'>passionem</span> <span class='ocrx_word' id='word_1_343' title='bbox 1200 1774 1388 1813; x_wconf 78' lang='lat' dir='ltr'>nunciauit,</span> <span class='ocrx_word' id='word_1_344' title='bbox 1418 1780 1554 1819; x_wconf 80' lang='lat' dir='ltr'>propter</span> <span class='ocrx_word' id='word_1_345' title='bbox 1580 1768 1672 1818; x_wconf 86' lang='lat' dir='ltr'>quod</span> <span class='ocrx_word' id='word_1_346' title='bbox 1696 1777 1728 1803; x_wconf 87' lang='lat' dir='ltr'>et</span> <span class='ocrx_word' id='word_1_347' title='bbox 1748 1766 1789 1802; x_wconf 86' lang='lat' dir='ltr'>ab</span> 
     </span>
     <span class='ocr_line' id='line_1_31' title="bbox 60 1819 1789 1871; baseline -0.004 -11"><span class='ocrx_word' id='word_1_348' title='bbox 60 1823 165 1860; x_wconf 77' lang='lat' dir='ltr'>altero</span> <span class='ocrx_word' id='word_1_349' title='bbox 188 1822 365 1858; x_wconf 82' lang='lat' dir='ltr'>mobilium</span> <span class='ocrx_word' id='word_1_350' title='bbox 389 1819 432 1855; x_wconf 84' lang='lat' dir='ltr'>est</span> <span class='ocrx_word' id='word_1_351' title='bbox 456 1824 684 1868; x_wconf 84' lang='lat' dir='ltr'>operationem</span> <span class='ocrx_word' id='word_1_352' title='bbox 711 1834 782 1858; x_wconf 89' lang='lat' dir='ltr'>non</span> <span class='ocrx_word' id='word_1_353' title='bbox 802 1822 926 1857; x_wconf 83' lang='lat' dir='ltr'>habens</span> <span class='ocrx_word' id='word_1_354' title='bbox 947 1822 987 1857; x_wconf 89' lang='lat' dir='ltr'>ab</span> <span class='ocrx_word' id='word_1_355' title='bbox 1009 1821 1114 1858; x_wconf 78' lang='lat' dir='ltr'>altero</span> <span class='ocrx_word' id='word_1_356' title='bbox 1134 1822 1313 1857; x_wconf 86' lang='lat' dir='ltr'>mobilium</span> <span class='ocrx_word' id='word_1_357' title='bbox 1334 1835 1477 1871; x_wconf 76' lang='lat' dir='ltr'>puram:</span> <span class='ocrx_word' id='word_1_358' title='bbox 1513 1819 1564 1856; x_wconf 86' lang='lat' dir='ltr'>sed</span> <span class='ocrx_word' id='word_1_359' title='bbox 1585 1819 1789 1855; x_wconf 68' lang='lat' dir='ltr'>intellec‘tua-</span> 
     </span>
     <span class='ocr_line' id='line_1_32' title="bbox 58 1868 1787 1923; baseline -0.005 -12"><span class='ocrx_word' id='word_1_360' title='bbox 58 1876 125 1912; x_wconf 83' lang='lat' dir='ltr'>leni</span> <span class='ocrx_word' id='word_1_361' title='bbox 148 1873 283 1923; x_wconf 89' lang='lat' dir='ltr'>quidem</span> <span class='ocrx_word' id='word_1_362' title='bbox 307 1869 485 1908; x_wconf 78' lang='lat' dir='ltr'>secundum</span> <span class='ocrx_word' id='word_1_363' title='bbox 505 1870 605 1920; x_wconf 80' lang='lat' dir='ltr'>ipfius</span> <span class='ocrx_word' id='word_1_364' title='bbox 629 1883 798 1914; x_wconf 83' lang='lat' dir='ltr'>naturam,</span> <span class='ocrx_word' id='word_1_365' title='bbox 831 1886 903 1910; x_wconf 90' lang='lat' dir='ltr'>non</span> <span class='ocrx_word' id='word_1_366' title='bbox 924 1873 1122 1909; x_wconf 82' lang='lat' dir='ltr'>tolerantem</span> <span class='ocrx_word' id='word_1_367' title='bbox 1146 1884 1256 1908; x_wconf 83' lang='lat' dir='ltr'>autem</span> <span class='ocrx_word' id='word_1_368' title='bbox 1281 1874 1433 1910; x_wconf 78' lang='lat' dir='ltr'>vioientis</span> <span class='ocrx_word' id='word_1_369' title='bbox 1455 1868 1655 1920; x_wconf 76' lang='lat' dir='ltr'>passionibus</span> <span class='ocrx_word' id='word_1_370' title='bbox 1680 1868 1787 1905; x_wconf 78' lang='lat' dir='ltr'>sensus</span> 
     </span>
     <span class='ocr_line' id='line_1_33' title="bbox 58 1922 1788 1974; baseline -0.003 -13"><span class='ocrx_word' id='word_1_371' title='bbox 58 1924 200 1974; x_wconf 82' lang='lat' dir='ltr'>affequi,</span> <span class='ocrx_word' id='word_1_372' title='bbox 227 1928 260 1959; x_wconf 89' lang='lat' dir='ltr'>in</span> <span class='ocrx_word' id='word_1_373' title='bbox 279 1922 377 1971; x_wconf 80' lang='lat' dir='ltr'>seipsa</span> <span class='ocrx_word' id='word_1_374' title='bbox 398 1934 506 1958; x_wconf 85' lang='lat' dir='ltr'>autem</span> <span class='ocrx_word' id='word_1_375' title='bbox 526 1923 718 1960; x_wconf 86' lang='lat' dir='ltr'>iudicatoria</span> <span class='ocrx_word' id='word_1_376' title='bbox 739 1924 967 1961; x_wconf 80' lang='lat' dir='ltr'>continentem</span> <span class='ocrx_word' id='word_1_377' title='bbox 993 1923 1033 1961; x_wconf 86' lang='lat' dir='ltr'>de</span> <span class='ocrx_word' id='word_1_378' title='bbox 1064 1922 1144 1961; x_wconf 84' lang='lat' dir='ltr'>foris</span> <span class='ocrx_word' id='word_1_379' title='bbox 1167 1923 1332 1960; x_wconf 77' lang='lat' dir='ltr'>fallacium</span> <span class='ocrx_word' id='word_1_380' title='bbox 1354 1933 1527 1965; x_wconf 81' lang='lat' dir='ltr'>motuum,</span> <span class='ocrx_word' id='word_1_381' title='bbox 1566 1931 1599 1957; x_wconf 79' lang='lat' dir='ltr'>et</span> <span class='ocrx_word' id='word_1_382' title='bbox 1617 1931 1788 1970; x_wconf 80' lang='lat' dir='ltr'>apponen-</span> 
     </span>
     <span class='ocr_line' id='line_1_34' title="bbox 58 1972 1786 2026; baseline -0.005 -11"><span class='ocrx_word' id='word_1_383' title='bbox 58 1988 125 2013; x_wconf 79' lang='lat' dir='ltr'>tem</span> <span class='ocrx_word' id='word_1_384' title='bbox 143 1974 276 2026; x_wconf 76' lang='lat' dir='ltr'>quidem</span> <span class='ocrx_word' id='word_1_385' title='bbox 292 1974 332 2014; x_wconf 66' lang='grc' dir='ltr'>τὲ</span> <span class='ocrx_word' id='word_1_386' title='bbox 348 1972 503 2009; x_wconf 69' lang='lat' dir='ltr'>deficiens</span> <span class='ocrx_word' id='word_1_387' title='bbox 517 1975 636 2024; x_wconf 82' lang='lat' dir='ltr'>quibus</span> <span class='ocrx_word' id='word_1_388' title='bbox 655 1974 761 2012; x_wconf 72' lang='lat' dir='ltr'>sensus</span> <span class='ocrx_word' id='word_1_389' title='bbox 788 1979 926 2023; x_wconf 79' lang='lat' dir='ltr'>patitur,</span> <span class='ocrx_word' id='word_1_390' title='bbox 968 1986 1162 2025; x_wconf 85' lang='lat' dir='ltr'>arguentem</span> <span class='ocrx_word' id='word_1_391' title='bbox 1183 1986 1292 2012; x_wconf 85' lang='lat' dir='ltr'>autem</span> <span class='ocrx_word' id='word_1_392' title='bbox 1319 1974 1464 2025; x_wconf 85' lang='lat' dir='ltr'>ipsorum</span> <span class='ocrx_word' id='word_1_393' title='bbox 1486 1972 1718 2011; x_wconf 76' lang='lat' dir='ltr'>mendacium,</span> <span class='ocrx_word' id='word_1_394' title='bbox 1751 1978 1786 2005; x_wconf 78' lang='lat' dir='ltr'>et</span> 
     </span>
    </p>
   </div>
   <div class='ocr_carea' id='block_1_7' title="bbox 57 2022 1786 2124">
    <p class='ocr_par' dir='ltr' id='par_1_7' title="bbox 57 2022 1786 2124">
     <span class='ocr_line' id='line_1_35' title="bbox 57 2022 1786 2114; baseline -0.003 -50"><span class='ocrx_word' id='word_1_395' title='bbox 57 2032 137 2066; x_wconf 79' lang='lat' dir='ltr'>haec</span> <span class='ocrx_word' id='word_1_396' title='bbox 157 2027 197 2063; x_wconf 91' lang='lat' dir='ltr'>de</span> <span class='ocrx_word' id='word_1_397' title='bbox 215 2030 355 2076; x_wconf 78' lang='lat' dir='ltr'>proprio</span> <span class='ocrx_word' id='word_1_398' title='bbox 370 2037 532 2076; x_wconf 85' lang='lat' dir='ltr'>agentem.</span> <span class='ocrx_word' id='word_1_399' title='bbox 583 2029 665 2065; x_wconf 83' lang='lat' dir='ltr'>Non</span> <span class='ocrx_word' id='word_1_400' title='bbox 685 2030 775 2065; x_wconf 83' lang='lat' dir='ltr'>enini</span> <span class='ocrx_word' id='word_1_401' title='bbox 789 2028 829 2063; x_wconf 76' lang='lat' dir='ltr'>ab</span> <span class='ocrx_word' id='word_1_402' title='bbox 845 2030 883 2063; x_wconf 78' lang='lat' dir='ltr'>iis</span> <span class='ocrx_word' id='word_1_403' title='bbox 900 2040 982 2077; x_wconf 79' lang='lat' dir='ltr'>quae</span> <span class='ocrx_word' id='word_1_404' title='bbox 997 2026 1106 2064; x_wconf 78' lang='lat' dir='ltr'>sensus</span> <span class='ocrx_word' id='word_1_405' title='bbox 1126 2028 1170 2065; x_wconf 83' lang='lat' dir='ltr'>est</span> <span class='ocrx_word' id='word_1_406' title='bbox 1193 2025 1230 2073; x_wconf 74' lang='lat'>¹¹)</span> <span class='ocrx_word' id='word_1_407' title='bbox 1256 2025 1565 2081; x_wconf 33' lang='lat' dir='ltr'>iudicare-sensum,</span> <span class='ocrx_word' id='word_1_408' title='bbox 1593 2022 1786 2114; x_wconf 41' lang='lat' dir='ltr'>sedualain·</span> 
     </span>
     <span class='ocr_line' id='line_1_36' title="bbox 913 2081 1785 2124; baseline -0.006 -9"><span class='ocrx_word' id='word_1_409' title='bbox 913 2081 993 2117; x_wconf 85' lang='lat' dir='ltr'>Ccc</span> <span class='ocrx_word' id='word_1_410' title='bbox 1019 2089 1041 2124; x_wconf 80' lang='lat'>3</span> <span class='ocrx_word' id='word_1_411' title='bbox 1618 2083 1693 2124; x_wconf 13' lang='lat' dir='ltr'>tepe</span> <span class='ocrx_word' id='word_1_412' title='bbox 1730 2085 1785 2121; x_wconf 59' lang='lat' dir='ltr'>[iv</span> 
     </span>
    </p>
   </div>
   <div class='ocr_carea' id='block_1_8' title="bbox 97 2242 514 2287">
    <p class='ocr_par' dir='ltr' id='par_1_8' title="bbox 97 2242 514 2287">
     <span class='ocr_line' id='line_1_37' title="bbox 97 2242 514 2287; baseline 0.002 -10"><span class='ocrx_word' id='word_1_413' title='bbox 97 2245 150 2287; x_wconf 62' lang='lat' dir='ltr'>kk)</span> <span class='ocrx_word' id='word_1_414' title='bbox 172 2243 228 2279; x_wconf 76' lang='grc' dir='ltr'>Τῆν</span> <span class='ocrx_word' id='word_1_415' title='bbox 241 2247 276 2276; x_wconf 67' lang='lat'>‘1⁸2‘</span> <span class='ocrx_word' id='word_1_416' title='bbox 289 2242 394 2277; x_wconf 69' lang='lat' dir='ltr'>nam‘s</span> <span class='ocrx_word' id='word_1_417' title='bbox 409 2244 514 2284; x_wconf 65' lang='grc' dir='ltr'><strong><em>ᾦνχίη</em></strong></span> 
     </span>
    </p>
   </div>
   <div class='ocr_carea' id='block_1_9' title="bbox 95 2337 567 2378">
    <p class='ocr_par' dir='ltr' id='par_1_9' title="bbox 95 2337 567 2378">
     <span class='ocr_line' id='line_1_38' title="bbox 95 2337 567 2378; baseline -0.002 -7"><span class='ocrx_word' id='word_1_418' title='bbox 95 2340 129 2377; x_wconf 72' lang='lat' dir='ltr'>lt)</span> <span class='ocrx_word' id='word_1_419' title='bbox 151 2342 244 2378; x_wconf 77' lang='lat' dir='ltr'>Sunt,</span> <span class='ocrx_word' id='word_1_420' title='bbox 266 2337 285 2369; x_wconf 65' lang='lat' dir='ltr'><em>S</em></span> <span class='ocrx_word' id='word_1_421' title='bbox 300 2342 346 2374; x_wconf 77' lang='grc' dir='ltr'>τΐιι</span> <span class='ocrx_word' id='word_1_422' title='bbox 370 2337 503 2376; x_wconf 47' lang='lat' dir='ltr'>abien-‘1</span> <span class='ocrx_word' id='word_1_423' title='bbox 516 2343 567 2373; x_wconf 63' lang='lat' dir='ltr'>les.</span> 
     </span>
    </p>
   </div>
  </div>
 </body>
</html>
