2023 2656
67 154 396 200 Vol-V¹¹¹·P·48¹1'-⁴!-²
425 157 487 192 DE
515 157 648 194 PROV,
673 153 738 191 ET
766 155 892 191 FATO
919 154 983 191 AD
1010 153 1189 189 THEOD.
1216 155 1364 210 MECH.
1397 155 1469 191 Lib.
1483 157 1523 194 V.
1544 170 1566 191 c.
1576 157 1681 193 XXI.
1735 164 1791 203 385

65 245 224 296 soporans
251 260 333 296 quae
358 247 485 297 inipsa
509 249 638 299 garrula
667 253 809 288 materia,
877 250 948 283 Fiat
980 250 1081 296 igitur
1111 261 1215 283 vnum
1248 257 1282 282 vt
1316 247 1424 285 videat
1456 250 1497 289 τὸ
1523 264 1644 293 vnum,
1684 255 1789 301 magis

66 309 175 334 autern
201 308 236 332 vt
260 312 332 334 non
358 299 468 336 videat
493 299 533 340 τὲ
561 315 672 338 vnum.
727 299 852 336 videns
879 303 986 339 enim,
1014 299 1235 335 intellec‘tuale
1261 298 1399 342 videbit,
1441 311 1473 336 et
1505 315 1575 337 non
1610 301 1703 351 supra
1738 307 1787 338 in-

66 350 254 391 tellectum,
284 360 316 384 et
341 351 513 400 quoddam
537 366 641 388 vnum
667 352 845 400 intelliget,
872 360 904 385 et
931 363 1001 386 non
1026 348 1067 388 ‘ro'
1094 360 1290 385 autounum.
1344 354 1460 393 Hanc,
1489 365 1509 387 o
1538 356 1666 394 amice,
1702 353 1786 389 diui-

65 400 231 437 niffimam
257 406 339 436 entis
368 407 599 450 operationem
625 407 753 439 animae
777 402 896 450 aliquis
923 413 1080 450 operans,
1103 401 1166 437 soli
1192 401 1327 436 credens
1352 401 1410 437 fibi
1439 403 1520 451 ipfi,
1557 401 1677 438 scilicet
1710 404 1787 440 flori

65 452 273 492 intellectu&
316 463 348 488 et
370 457 517 502 quietans
542 453 681 503 seipsum
707 454 843 489 non.ab
875 453 1092 488 exterioribus
1118 453 1262 487 motibus
1288 451 1342 488 sed
1369 453 1408 487 ab
1434 455 1661 494 interioribus,
1698 458 1787 491 Deus

65 500 190 545 factus,
230 512 265 538 vt
297 508 425 539 animae
457 504 624 553 passibile,
662 502 841 554 cognoscet
865 502 1082 539 solummodo
1105 503 1244 552 qualiter
1269 506 1328 540 Dii
1357 508 1468 540 omnia
1493 504 1707 540 indicibiliter
1733 519 1787 541 co-

65 552 229 603 gnoscunt
256 554 376 604 singuli
397 554 577 591 secundum
603 556 644 595 ro*
679 569 782 591 vnum
809 553 901 604 quod
927 553 974 589 sui
1000 551 1156 602 ipsorum.
1227 557 1347 590 Donec
1378 565 1488 591 autem
1517 559 1602 591 circa
1637 569 1672 591 ea
1706 569 1789 606 quae

12 632 16 639 .
65 604 220 640 deorsum
245 607 433 647 voluimus,
459 603 697 642 incredulitatis
723 607 880 641 habemus
907 608 992 641 circa
1018 606 1114 647 haec,
1153 604 1273 641 scilicet
1301 609 1414 641 omnia
1442 606 1557 642 diuino
1584 607 1788 656 cognoscen-

65 665 97 690 te
117 656 359 704 impartibiliter
383 666 414 692 et
441 656 758 706 superaeternaliter:
799 655 861 692 effe
889 656 1024 705 quidem
1051 657 1257 692 aeternaliter
1282 660 1387 698 entia,
1429 659 1502 694 fieri
1525 668 1635 693 autem
1661 668 1789 706 tempo-

65 706 178 743 raliter
203 720 286 756 quae
313 707 411 748 fiunt,
440 722 547 758 neque
573 719 723 757 tempore
749 721 858 757 neque
885 717 1019 743 aeterno
1053 718 1128 743 ente
1161 711 1195 743 in
1225 707 1274 760 τῷ
1301 722 1377 743 vno.
1435 711 1510 744 Tot
1544 708 1682 758 quidem
1715 708 1788 745 sunt

67 761 300 805 cognitionum
327 757 445 807 species
463 758 551 808 apud
574 773 656 801 nos,
710 759 752 795 ad
779 772 858 809 quas
885 762 998 809 vtique
1024 757 1246 808 respicientes5
1299 758 1451 807 poffibile
1477 757 1604 796 soluere
1634 770 1666 795 et
1692 773 1790 811 quae-

67 821 198 858 eunque
222 807 263 844 de
290 823 331 846 eo
356 810 450 860 quod
476 811 520 847 est
547 810 673 848 soluere
698 815 843 848 animam
869 812 925 847 hic
949 813 1138 853 veritatem,
1193 822 1224 846 et
1258 809 1298 846 de
1325 824 1398 847 non
1422 810 1512 849 seire.

233 916 334 951 XXV.
385 916 555 962 Qoniam
582 925 691 953 autem
725 925 787 954 tres
820 915 959 953 fecimus
993 913 1222 958 discussiones,
1274 929 1351 966 quas
1385 913 1573 953 necessarias
1609 914 1795 953 dicebamus

67 960 132 998 esse
157 962 198 999 ad
224 965 448 1015 quaefitorum
479 967 803 1010 dearticulationem‚
856 968 898 1003 ad
930 968 1011 1017 ipsas
1047 972 1112 1003 iam
1147 967 1353 1003 tranfibimus
1391 967 1632 1009 dubitationes,
1685 978 1716 1003 et
1751 965 1796 1003 se-

56 1013 215 1051 'cundum
240 1030 511 1068 vnumquamque
538 1019 680 1068 ipsarum
707 1019 941 1069 consequentes
963 1032 1131 1068 apponam
1159 1016 1349 1055 solutiones.
1402 1022 1515 1054 Primo
1550 1023 1651 1067 igitur
1684 1018 1795 1055 scribis

67 1075 224 1114 tanquam
259 1067 418 1104 fufficiena
449 1081 680 1117 argumentum
715 1074 783 1106 eius
816 1069 909 1120 quod
943 1070 984 1110 τδ
1015 1074 1049 1105 in
1082 1070 1177 1105 nobis
1211 1069 1251 1105 fit
1289 1068 1471 1111 friuolum,
1525 1069 1580 1106 sed
1619 1083 1718 1118 opera
1749 1069 1795 1105 est

67 1118 259 1154 coelestium
285 1124 428 1168 partium
452 1119 540 1162 sola,
594 1121 634 1158 ad
661 1121 789 1170 singula
819 1134 937 1156 eorum
963 1135 1047 1170 quae
1072 1122 1156 1155 fiunt
1183 1118 1388 1163 factionem3
1439 1123 1506 1155 hoc
1540 1120 1633 1169 quod
1668 1131 1700 1155 et
1733 1133 1794 1155 nos

66 1168 240 1211 homines,
293 1173 327 1205 in
354 1172 604 1219 quibuscunque
630 1170 821 1220 dirigimus,
847 1169 896 1211 Μ’)
951 1184 1013 1206 nos
1040 1169 1126 1218 ipsos
1159 1169 1323 1205 causamus
1357 1181 1555 1205 euentuum:
1610 1174 1644 1206 in
1676 1171 1793 1219 quibus

68 1227 178 1257 autem
203 1218 468 1262 informamur,
521 1221 564 1257 ad
590 1222 683 1263 illam
707 1221 852 1265 causam,
906 1220 1027 1257 scilicet
1051 1219 1271 1256 necestitatem
1302 1219 1528 1257 transferimus
1562 1234 1624 1269 pro
1659 1222 1793 1257 elec‘iio-

67 1283 120 1306 ne·
174 1273 217 1307 Et
238 1273 318 1307 haec
345 1271 495 1307 dubitans
522 1283 615 1321 putas
639 1274 788 1308 obtinere
814 1286 890 1308 eum
925 1276 983 1321 qui
1016 1270 1057 1307 de
1091 1274 1172 1307 Fato
1205 1285 1421 1307 communem
1456 1282 1674 1320 conceptum,
1726 1282 1793 1308 tan-

55 1334 166 1370 quam
193 1332 268 1358 ente
294 1333 326 1359 et
347 1325 576 1372 principaliori
604 1333 679 1359 ente
704 1327 740 1359 in
766 1323 940 1373 agibilibus
968 1337 1067 1372 quam
1094 1321 1199 1359 nostri
1224 1326 1377 1372 impetus.
1430 1326 1472 1358 Et
1498 1337 1605 1372 neque
1633 1336 1696 1372 ego
1725 1322 1794 1372 ipse

68 1371 173 1409 video.
196 1376 350 1410 homines
368 1375 463 1410 aliter
489 1376 672 1424 aliqualiter
702 1376 875 1413 habentes,
930 1389 1030 1424 quam
1065 1377 1262 1423 imputantes
1291 1374 1351 1409 fibi
1384 1374 1458 1423 ipfis
1493 1374 1684 1410 directionis
1719 1388 1794 1410 cau-

67 1421 156 1465 sam,
207 1437 418 1474 peccatorum
445 1436 554 1462 autem
577 1427 660 1461 aliis.
710 1426 773 1461 Sed
809 1430 844 1461 in
875 1428 956 1462 haee
987 1423 1188 1467 differimus,
1242 1424 1335 1475 quod
1367 1435 1401 1461 tu
1438 1425 1574 1475 quidem
1607 1426 1795 1462 multorum

70 1478 266 1523 opinionem
296 1476 446 1513 sufficere
474 1476 534 1525 [if]
562 1477 706 1512 aestimas
733 1476 775 1513 ad
800 1477 833 1512 id
861 1476 955 1527 quod
981 1476 1023 1512 de
1047 1478 1144 1512 rebus
1170 1475 1352 1513 indicium:
1391 1490 1456 1526 ego
1483 1489 1594 1513 autem
1617 1476 1695 1512 illos
1723 1479 1794 1525 qui·

69 1523 146 1561 dem
173 1526 218 1562 fic
244 1531 432 1564 ratiocinari
457 1538 594 1578 propter
620 1528 786 1578 quandam
813 1530 1031 1577 φιλαυτίαν,
1086 1527 1121 1563 id
1148 1528 1193 1563 est
1219 1540 1369 1563 amorem
1395 1526 1443 1563 sui
1468 1529 1595 1564 malum
1619 1538 1651 1563 et
1678 1531 1795 1563 incon-

69 1580 255 1614 venientem
273 1579 420 1615 aestimo.
471 1584 561 1615 Inter
589 1590 698 1615 autem
724 1579 880 1628 sapientes·
907 1580 1026 1630 quibus
1052 1582 1213 1628 competit
1246 1577 1289 1615 ad
1323 1587 1432 1614 totum
1458 1589 1489 1614 et
1521 1589 1626 1628 partes
1659 1577 1795 1627 respice-

69 1641 124 1670 re,
177 1643 278 1679 quem
303 1631 424 1666 habent
450 1629 491 1666 ad
518 1631 575 1666 illa
596 1630 749 1666 ordinem
775 1645 847 1667 non
873 1631 1060 1680 negligere,
1114 1632 1268 1665 omnium
1294 1642 1411 1666 eorum
1437 1643 1520 1679 quae
1546 1630 1652 1671 fiunt,
1705 1632 1797 1678 prin-

69 1679 216 1728 cipaliter
244 1681 379 1731 quidem
407 1681 534 1717 causare
561 1685 691 1724 Deum,
743 1697 760 1717 a
788 1696 856 1731 quo
887 1684 1014 1717 bonum
1047 1680 1180 1716 aduenit
1209 1681 1383 1716 omnibus:
1434 1680 1509 1730 post
1543 1682 1640 1717 illum
1674 1690 1795 1722 autem,

69 1731 189 1766 mundi
213 1731 391 1780 periodum
419 1743 451 1769 et
477 1744 606 1782 tempus
634 1737 669 1769 in
694 1747 762 1783 quo
786 1747 869 1782 quae
896 1734 979 1768 fiunt
1011 1742 1205 1781 coaptantur
1239 1735 1314 1767 totis
1349 1742 1379 1767 et
1410 1731 1668 1773 coordinantur,
1720 1731 1797 1767 nul-

71 1781 107 1817 lo
132 1779 228 1830 super
251 1781 433 1819 aduentitio
466 1795 540 1820 ente
573 1784 614 1820 ad
646 1795 797 1820 totorum
828 1784 998 1834 politiam:
1051 1787 1149 1819 tertio
1184 1793 1294 1818 autem
1326 1780 1446 1831 seipsos
1479 1786 1515 1818 in
1548 1784 1799 1833 quibuscunque

71 1833 310 1884 praeeligentes
335 1834 516 1872 sortiuntur
540 1846 571 1871 et
595 1835 643 1872 sui
669 1834 818 1886 ipsorum
843 1836 1019 1884 impetibus
1045 1844 1269 1884 cooperantur
1295 1833 1337 1870 ad
1369 1847 1481 1872 rerum
1513 1834 1747 1886 expletionem.

239 1938 358 1973 XXVI.
411 1934 557 1986 Qando
583 1947 694 1974 autem
722 1936 847 1986 aliquid
873 1940 985 1972 euenit
1008 1945 1135 1985 practer
1159 1935 1308 1986 ipsorum
1342 1936 1562 1979 electionem,
1615 1947 1696 1973 tunc
1727 1945 1798 1973 tota

74 1984 144 2023 sola
171 1996 202 2023 et
228 1987 366 2024 illorum
394 1985 577 2023 factionem
604 1998 638 2023 vt
664 1991 851 2024 vincentem
878 1986 1041 2023 causantes
1067 1991 1209 2030 merito,
1261 1988 1411 2036 partialia
1437 1987 1573 2036 quidem
1607 1992 1697 2024 enim
1729 1989 1799 2023 vbi-

76 2052 142 2088 que
167 2052 244 2074 cum
270 2042 349 2074 totis
374 2037 588 2075 necessarium
615 2043 767 2087 operari,
820 2048 888 2073 tota
913 2049 1024 2073 autem
1050 2047 1081 2074 et
1112 2037 1181 2074 fine
1214 2039 1280 2074 illis
1313 2049 1345 2073 et
1379 2037 1472 2087 quod
1505 2039 1567 2073 isso
1599 2038 1706 2074 modo
1739 2041 1799 2087 qui

74 2090 282 2126 intellectum
307 2091 428 2125 habent
454 2088 609 2125 diuidunt
636 2088 818 2132 factiones,
871 2087 926 2124 sed
963 2101 1035 2125 non
1066 2098 1100 2125 vt
1130 2100 1164 2125 tu
1197 2089 1262 2138 ipsa
1296 2088 1445 2126 diuisisti.
1504 2088 1590 2125 Audi
1625 2090 1801 2126 Platonem

77 2143 114 2180 in
135 2140 265 2193 legibus
290 2140 506 2184 clamantem,
557 2140 650 2192 quod
684 2143 774 2178 Deus
804 2140 941 2191 quidem
974 2143 1088 2178 omnia
1122 2150 1154 2178 et
1187 2139 1264 2192 post
1291 2143 1404 2181 Deum
1435 2138 1570 2181 fortuna
1602 2150 1635 2178 et
1669 2150 1800 2188 tempus

1657 2193 1802 2229 humana

124 2353 180 2392 hh>
209 2356 392 2396 Κατοςᾶἷμη
417 2355 564 2399 prospero
586 2353 717 2386 flaccessu
739 2352 910 2394 gaudemus.

85 2414 151 2447 Vol.
172 2414 234 2447 fir.
1154 2409 1183 2443 C
1207 2421 1227 2444 ε
1252 2421 1271 2443 c
