2023 2656
21 159 174 188 votvm.
193 164 288 214 ιητοΓ
697 162 790 197 ALH
822 160 1003 196 PAVLINI
1363 159 1494 198 Lib.V.
1510 159 1648 196 c.XIX.
1699 171 1754 205 3¹5

23 265 180 304 congreg.
202 254 338 289 oratorii
361 252 548 302 presbyter,
578 250 688 288 addita
709 251 832 301 duplici
855 255 1008 289 actorum
1033 262 1181 288 veterum
1207 250 1407 300 adpendice‚
1436 257 1550 291 Venet.
1574 265 1660 297 1737.
1689 250 1748 289 fol.

21 318 50 341 v.
61 307 230 355 ‘Mansium
246 303 287 343 ad
302 305 394 341 Fabr.
410 305 433 340 l.
448 318 476 340 e.
493 316 567 353 pag.
587 314 663 346 204.
692 323 740 331 --
791 305 931 341 Duhlini
944 308 978 341 in
993 304 1067 340 eod.
1085 303 1164 340 coll.
1190 305 1222 338 S.
1243 305 1370 340 Trinit.
1395 307 1528 345 CCXC.
1553 302 1575 341 s.
1598 320 1648 342 nr.
1672 317 1749 349 430.

20 355 111 395 catal.
125 354 225 399 codd.
242 356 383 405 Angliae
399 367 458 392 etc.
476 359 518 392 11.
532 366 615 404 part.
632 358 672 391 11.
688 369 719 404 p.
736 367 780 398 31.
798 356 842 391 est
856 358 892 391 de
911 359 942 392 S.
959 357 1111 392 Paulino.
1163 355 1262 394 Harl.

183 422 356 465 Paulinus,
383 424 573 473 Bitterensts
588 425 621 458 in
640 423 746 458 Gallia
761 421 953 472 episcopm,
976 423 1082 459 clarus
1098 421 1154 459 sub
1173 424 1278 472 quinti
1295 420 1411 458 saeculi
1430 425 1531 458 initia.
1583 425 1662 459 Eius
1683 428 1749 472 epi-

19 473 136 510 stolam
152 473 193 509 de
211 473 311 523 lignis
327 475 476 511 terrificis
490 473 577 523 apud
590 475 769 510 Buff-enimn
785 474 824 509 ad
838 488 866 509 a.
885 480 954 517 418.
980 474 1103 509 exstare
1121 472 1230 509 scribit
1259 474 1427 516 Guarinus,
1455 477 1479 510 1.
1501 488 1534 524 p.
1561 486 1633 519 923.
1685 474 1748 510 Sed

19 537 85 575 ego
98 523 257 561 incassum
276 527 349 561 eani
370 526 429 561 illo
447 525 526 561 loco
550 524 704 576 quaesiui.
733 523 840 570 [conf.
858 526 955 562 Cauei
967 528 1013 561 H.
1029 528 1066 561 E.
1081 539 1115 574 p.
1135 527 1160 560 1.
1182 537 1257 573 pag.
1274 531 1347 570 389.
1401 526 1468 571 H.]

184 591 376 629 Benedistus
394 593 559 633 Paulinus,
588 593 846 642 Bzzrdegalenfis,
873 591 915 627 ad
930 605 1031 641 quem
1046 590 1172 641 scripsit
1186 592 1338 639 Fatfius,
1355 592 1515 639 Reienfis,
1544 597 1576 635 Υ)
1604 603 1636 629 et
1650 606 1749 643 quem

21 654 96 680 cum
112 643 248 680 Nolano
266 645 395 680 videtur
410 641 617 680 confundere
633 646 666 679 S.
681 643 806 679 Auitus
822 642 912 693 episi.
932 656 963 688 4.

138 748 141 749 ⁷
182 709 350 752 Paulinus,
378 712 622 762 Mediolanensts
637 712 820 760 presbyter,
848 714 903 761 qui
919 714 1018 746 vitam
1034 710 1180 760 magistri
1195 710 1255 752 sui,
1273 713 1303 747 S.
1320 711 1498 753 Ambrofii.
1517 711 1750 748 Mediolanen-

20 761 61 809 fis
78 759 235 812 episcopi,
253 760 386 811 scripsit.
439 761 545 805 Idem,
575 766 630 812 qui
648 773 681 798 vt
701 761 858 798 diaconus
873 761 982 798 adhuc
997 762 1206 804 caelestium,
1224 762 1447 812 Pelagianum‚
1465 766 1667 813 Carthagine
1692 777 1749 813 op-

17 815 190 864 pugnauit.
241 811 326 849 Vide
342 815 466 849 Baron.
480 813 521 849 ad
538 829 565 850 a.
581 818 620 850 C.
634 817 710 859 369.
730 829 763 850 n.
784 825 834 858 37.
853 823 885 849 et
907 828 934 849 a.
948 820 1024 858 ¹418.
1048 828 1081 850 n.
1098 826 1139 849 11.
1158 813 1222 863 seq.
1277 816 1376 849 Fabr.
1430 817 1514 850 Item
1530 815 1665 852 Calceum
1682 815 1703 851 l.
1720 830 1750 852 c.

0 875 192 914 ,pag.,4o:¹..
215 863 254 899 ad
271 879 297 900 a.
315 877 390 909 420.
416 867 507 902 Saxii
525 869 651 902 Onom.
667 869 691 901 Ι.
706 880 739 915 p,
755 869 833 909 460.
864 885 909 892 --
945 866 1100 907 Paulini,
1134 864 1409 906 hlediolanenfis,
1439 866 1545 905 libell.
1567 869 1604 902 de
1630 870 1750 902 henedi-

0 917 173 961 {ustionibus
188 919 447 962 patriai-charmi
470 932 510 953 ex
533 916 609 953 cod.
632 920 763 953 Bonon.
790 916 893 952 edidit
923 920 972 953 Io.
1002 916 1154 967 Aloystus
1182 917 1411 965 Magarellius
1437 921 1472 953 in
1500 921 1550 954 Io.
1580 917 1750 964 Chrysost.

0 964 3 1005 ἰ
27 969 192 1003 Trombelli
206 965 369 1016 opusculis
384 972 563 1017 Cypriani,
590 969 710 1005 Hilarii
734 979 764 1005 et
781 969 924 1004 aliorum
944 982 1019 1017 pag.
1044 981 1116 1013 199.
1140 967 1209 1018 sqq.
1237 982 1268 1004 v.
1287 971 1447 1018 JHanfinm
1468 969 1490 1004 l.
1513 984 1539 1005 c.
1564 984 1595 1019 p.
1621 982 1692 1015 205.
1719 979 1751 1005 et

0 1011 152 1063 [Sturium
174 1019 198 1055 l.
219 1033 320 1057 mem.
361 1023 451 1056 Inter
473 1019 571 1069 codd.
591 1019 738 1056 Voslian.
761 1024 796 1056 in
818 1031 879 1056 cat.
907 1019 1006 1055 codd.
1033 1020 1175 1068 Angliae
1198 1029 1258 1055 etc.
1278 1023 1320 1056 II.
1338 1033 1370 1069 p.
1388 1022 1441 1063 63.
1456 1035 1506 1056 nr.
1523 1033 1612 1066 2359.
1640 1025 1703 1057 vita
1719 1024 1750 1057 S.

22 1069 210 1112 Ambrosii,
245 1073 380 1107 auctore
408 1074 559 1108 Pzzulitlo.
611 1073 710 1107 Harl.
772 1072 912 1107 Paullini
946 1070 1090 1107 Mediol.
1126 1070 1375 1119 triafiopuscula
1410 1084 1436 1107 1.
1471 1075 1536 1107 vita
1569 1073 1751 1115 Anibi-ossi,

24 1132 54 1157 2.
81 1122 138 1157 lib.
167 1121 317 1158 aduersus
344 1123 555 1169 Caelestium,
581 1135 609 1166 3.
639 1122 680 1158 de
708 1122 824 1158 bened.
852 1132 933 1171 patr.
961 1126 995 1156 in
1025 1123 1177 1160 Galland,
1205 1125 1239 1157 B.
1265 1125 1324 1161 PP,
1353 1126 1462 1158 VIIII.
1489 1136 1522 1171 p.
1541 1136 1586 1159 21.
1614 1123 1658 1173 sq.

187 1190 363 1237 Meropius
384 1191 520 1224 Pontius
542 1191 677 1225 Anicius
702 1189 875 1230 Paulinus,
902 1191 1026 1223 amicus
1046 1186 1203 1229 Ausonii,
1230 1199 1296 1224 nat.
1314 1203 1341 1224 a.
1359 1191 1423 1225 Ch.
1439 1201 1504 1234 353.
1524 1191 1576 1226 vel
1592 1202 1660 1235 354.
1683 1195 1749 1239 epi-

20 1239 138 1289 scopus
152 1241 301 1275 Nolanus
315 1254 343 1275 a.
361 1242 400 1275 C.
417 1252 486 1283 431.
515 1238 709 1280 defunctus,
738 1239 910 1276 doctrinae
934 1249 966 1275 et
985 1240 1197 1288 eloquentiae
1219 1238 1339 1281 laude,
1373 1244 1524 1288 poeticae
1546 1254 1683 1291 quoque
1704 1240 1750 1277 fa-

20 1291 146 1327 cultatis
159 1291 266 1339 gloria
285 1290 486 1327 clarissimus.
540 1292 701 1341 Operibus
718 1294 798 1332 eius,
822 1305 840 1326 a
853 1294 1008 1333 Ducaeo,
1043 1290 1228 1327 Rosweido
1241 1319 1251 1334 ,
1286 1291 1445 1328 Chifletio
1457 1322 1466 1335 ‚
1504 1303 1534 1328 et
1550 1295 1601 1329 Io.
1614 1293 1751 1342 Baptista
1820 1338 1829 1339 ἡ

17 1345 106 1380 Brun
131 1346 159 1386 ⁸]
184 1342 359 1382 illustratis.
380 1342 548 1389 addenda,
575 1356 657 1393 quae
677 1346 711 1378 in
726 1343 836 1378 lucem
850 1343 990 1391 protulit
1014 1344 1222 1378 Mirator-ius
1243 1347 1279 1379 in
1300 1342 1470 1379 anecdotis
1493 1344 1601 1380 latinis
1624 1355 1706 1381 tom.
1723 1347 1749 1385 Ι.

17 1393 205 1432 Mediolan.
223 1397 314 1439 1697.
335 1405 367 1437 4.
396 1394 505 1431 Caroli
519 1395 669 1431 Permulti
691 1408 813 1443 poema
835 1394 992 1442 gallicum
1018 1394 1058 1430 de
1080 1396 1146 1430 hoc
1168 1395 1305 1430 Paulino
1328 1394 1455 1443 prodiit
1475 1398 1573 1432 Paris.
1599 1399 1690 1436 1686.
1719 1405 1750 1438 8.

19 1447 119 1485 Fabr.
172 1449 212 1482 V.
232 1446 367 1482 Gnaeum
383 1445 405 1481 l.
423 1460 450 1481 c.
474 1449 499 1481 Ι.
523 1459 556 1495 p.
572 1451 644 1486 288.
659 1445 704 1496 sq.
731 1456 762 1481 et
783 1449 816 1481 in
831 1456 910 1481 nota
927 1446 1001 1488 alii,
1031 1448 1086 1495 qui
1104 1445 1143 1481 de
1160 1448 1226 1481 hoe
1242 1446 1380 1482 Paulino
1403 1457 1561 1496 egerunt,
1595 1447 1670 1484 sunt
1690 1461 1750 1484 no-

19 1501 151 1534 minati:
177 1499 440 1533 Saxiionom.1.
456 1511 487 1547 p.
497 1497 643 1548 453.sqq.
661 1508 692 1533 et
706 1508 777 1543 594.
805 1498 935 1539 Μοίίεν,
960 1497 1316 1546 homonymoscopiam
1333 1512 1362 1546 p.
1381 1500 1453 1534 601.
1470 1498 1537 1548 sqq.
1571 1501 1749 1536 Scin-occlclz.

19 1551 66 1586 H.
81 1552 119 1586 E.
135 1547 242 1587 christ,
260 1551 334 1585 VH.
350 1563 382 1597 p.
401 1560 460 1590 131.
486 1547 555 1599 sqq.
584 1553 639 1585 IX.
665 1563 697 1598 p.
718 1561 787 1584 210.
808 1547 852 1598 sq.
880 1559 912 1584 et
935 1562 1018 1599 quae
1041 1562 1105 1599 ego
1131 1548 1240 1598 scripsi
1268 1548 1308 1584 de
1330 1552 1395 1585 hoc
1419 1561 1450 1585 et
1472 1552 1614 1586 Paulino
1636 1554 1751 1587 Petro-

23 1604 106 1638 corio
116 1604 148 1637 in
159 1603 240 1636 Not.
257 1600 302 1638 br.
319 1613 350 1648 p.
369 1612 436 1644 741.
452 1600 522 1650 sqq.
555 1612 651 1650 atque
667 1604 700 1636 in
716 1601 885 1650 Supplem.
901 1603 942 1636 11.
966 1614 998 1650 p.
1017 1603 1089 1644 364.
1104 1600 1172 1650 sqq.
1199 1621 1250 1627 --
1276 1601 1750 1642 Leidcieintercodd‚Voffian.

20 1655 152 1689 Paulini
167 1665 216 1701 ep.
232 1650 273 1687 ad
289 1653 447 1687 Seuerum
463 1664 494 1688 et
511 1648 550 1688 de
568 1667 644 1688 cura
663 1664 724 1700 pro
745 1655 886 1688 mortuis
902 1651 1028 1700 agenda
1048 1651 1088 1687 ad
1112 1652 1236 1688 Paulin.
1266 1652 1361 1700 episc.
1385 1653 1506 1689 Nolan.
1532 1668 1562 1693 v„
1588 1664 1648 1690 cat.
1672 1656 1748 1690 bibl.

22 1704 114 1742 Leid.
132 1718 165 1754 p.
183 1715 250 1748 375.
272 1717 320 1738 nr.
340 1715 409 1747 104.
427 1713 457 1739 et
471 1717 503 1752 p.
518 1705 591 1747 376,
617 1718 666 1739 nr.
680 1714 744 1747 114.
776 1723 822 1730 —-
875 1705 944 1740 Sec.
969 1714 1028 1740 cat.
1051 1702 1148 1741 codd.
1173 1704 1313 1753 Angliae
1331 1715 1388 1740 etc.
1406 1707 1449 1741 11.
1476 1715 1555 1752 part.
1575 1708 1599 1741 Ι.
1627 1720 1657 1749 p.
1677 1714 1747 1747 228.

23 1771 74 1794 nr.
95 1768 186 1801 7557.
212 1755 389 1796 Paulinus,
415 1756 560 1804 Prosper
577 1766 608 1791 et
628 1756 789 1791 I-Elarim.
840 1756 939 1792 Ῑ-ῘανΙ.
993 1756 1183 1804 ΛΖηὲαι-είίἱ
1196 1754 1301 1805 praef.
1318 1755 1360 1791 ad
1380 1755 1493 1795 anecd.
1520 1758 1647 1793 Paulini
1667 1758 1750 1793 Nol.

25 1813 60 1844 in
82 1806 233 1845 Gassand.
249 1807 282 1843 B.
301 1808 357 1841 PP.
374 1809 464 1843 vm.
484 1821 515 1857 p.
535 1819 580 1850 13.
595 1806 640 1857 sq.
668 1806 822 1856 Prolegg.

166 1873 356 1915 manlium,
382 1875 540 1914 Pellaeus,
566 1874 702 1910 Ausonii
720 1886 843 1922 nepos,
870 1876 961 1910 cuius
979 1874 1217 1910 eucharisticon
1240 1873 1280 1910 de
1302 1878 1366 1910 vita
1390 1873 1461 1917 sua,
1494 1874 1586 1925 quod
1606 1879 1750 1912 carmine

23 1929 162 1964 heroico
179 1924 322 1974 scripsit,
350 1926 568 1974 odlogenario
584 1929 693 1961 maior
712 1939 739 1959 a.
754 1927 827 1969 456.
856 1925 956 1961 exstat
972 1924 1012 1960 ad
1034 1926 1158 1962 calcem
1176 1927 1302 1963 Paulini
1320 1929 1519 1968 Peri-onorii,
1549 1927 1589 1963 de
1610 1941 1678 1977 quo
1699 1931 1748 1963 in-

25 1977 87 2017 fra.
140 1975 270 2015 Confer
294 1978 527 2013 lillemontimn
547 1989 628 2013 tom.
645 1978 732 2013 XVI.
755 1990 788 2025 p.
806 1978 877 2019 416.
899 1975 964 2026 seq.

939 2045 973 2081 R
983 2057 998 2079 r
1024 2055 1042 2078 2
1597 2045 1750 2082 Paulinus

69 2178 108 2212 r)
138 2177 182 2206 De
205 2173 331 2216 Fausto,
359 2173 390 2202 ἰιι
412 2171 509 2214 specie
531 2169 570 2201 <le
592 2172 656 2201 eins
678 2170 772 2201 variis
797 2169 1021 2212 quaestiouibus
1051 2169 1086 2200 ad
1104 2169 1213 2201 Bened.
1237 2170 1350 2201 Paulin.
1366 2181 1396 2201 v.
1413 2171 1501 2201 Fabr.
1522 2172 1595 2203 bibl.
1617 2173 1697 2204 med.
1720 2182 1749 2206 et

0 2200 5 2249 l
29 2217 85 2248 inf.
107 2217 156 2248 lat.
172 2221 211 2248 11.
225 2228 254 2259 p.
271 2226 331 2254 ¹49·
355 2226 400 2246 nr.
420 2226 448 2253 7.
471 2218 513 2245 De
528 2216 588 2246 hoc
611 2214 702 2245 Paul.
725 2226 752 2244 v.
768 2214 867 2245 Saxii
893 2214 955 2244 On.
980 2216 1005 2244 1.
1029 2224 1057 2254 p.
1078 2222 1138 2249 5¹2·
1154 2214 1195 2254 sq.
1218 2213 1346 2245 Dabam·
1367 2216 1398 2244 in
1423 2214 1494 2244 coll.
1518 2217 1546 2247 S.
1562 2218 1679 2247 Trinit.
1701 2229 1747 2248 nr.

1 2266 5 2296 ι
31 2268 91 2299 755.
127 2268 185 2290 cat.
209 2263 260 2291 cit.
281 2271 308 2300 p.
334 2270 386 2297 44.
420 2258 486 2288 sunt
507 2269 576 2300 epp.
597 2257 725 2289 Paulini
744 2256 782 2287 ad
806 2258 960 2292 Faustum,
991 2265 1020 2286 et
1034 2258 1121 2286 huius
1142 2257 1179 2286 ad
1209 2257 1375 2288 Paulinum.
1425 2257 1521 2288 Harl.

2 2334 5 2357 1
71 2329 104 2368 s)
125 2326 239 2358 Paulini
254 2336 357 2367 opera,
372 2328 516 2369 aprunio
532 2326 663 2368 expolita
685 2333 714 2356 et
734 2325 890 2364 illustrata,
905 2323 1086 2368 prodierunt
1107 2327 1198 2356 Paris.
1223 2330 1300 2362 1685.
1323 2337 1353 2363 4.
1384 2327 1464 2356 Petri
1490 2328 1595 2357 Franc.
1616 2328 1748 2358 Chissetii

2 2375 4 2412 j
27 2387 71 2396 —
85 2370 238 2403 Paulinus
252 2369 430 2407 illustratus,
452 2371 584 2401 Diuione
606 2373 688 2401 1662.
709 2379 753 2413 42
