2023 2656
219 170 278 205 530
331 158 404 192 Lib.
417 156 460 193 V.
478 168 501 190 c.
513 155 659 191 XXXI.
980 171 985 177 ·
1032 152 1303 190 NESTORIVS.

225 249 403 302 magistro,
430 246 517 287 haud
535 246 750 295 improbabile
767 241 829 288 est,
858 244 957 291 (vide
972 242 1091 295 supra,
1118 249 1153 282 in
1176 248 1242 282 hoc
1263 246 1331 283 vol.
1353 261 1422 296 cap.
1442 246 1483 282 de
1495 244 1685 284 Theodoro
1701 246 1953 297 Mopsuesteno‚

230 308 262 350 (ἦ,
281 317 302 340 1.
330 304 447 339 Petau.
464 299 616 346 theolog.
632 297 778 346 dogmat.
793 307 876 336 tom.
896 300 954 336 IV,
968 297 1040 333 libr.
1058 299 1084 332 I.
1105 312 1173 346 cap.
1191 311 1220 342 7.
1247 312 1281 348 p.
1303 300 1373 344 35.)
1401 298 1554 335 nondum
1574 309 1681 334 tamen
1698 309 1824 335 certum
1840 300 1884 335 est
1906 311 1951 335 at-

230 349 293 404 {ine
313 353 540 401 exploratum,
570 348 758 385 Nestorium
775 349 887 384 abillo
906 347 1072 396 arripuisse
1087 349 1242 385 haerefm.
1268 364 1299 386 v.
1319 352 1438 390 ll'ulclz.
1465 350 1538 386 hist.
1567 348 1687 389 haeres.
1712 362 1795 393 tom.
1811 353 1854 387 V.
1876 364 1952 400 pag.
1995 368 2004 375 ν

230 419 292 451 315.
310 405 353 454 sq.
382 414 413 439 et
428 401 594 439 Sclzmeckfz
610 400 682 435 hist.
702 398 869 436 ecclefiast.
891 400 1057 436 christian.
1082 397 1164 436 toni.
1181 404 1303 437 XVIII.
1326 416 1358 450 p.
1379 410 1447 445 184.
1478 400 1666 451 praesertim
1690 414 1765 449 pag.
1785 405 1859 438 262.
1883 400 1956 451 sqq.

231 456 358 495 Falsum
374 455 438 496 est,
465 467 540 489 eum
556 450 651 488 fuiffe
666 451 884 500 discipulum,
909 462 980 493 aut,
1009 451 1102 500 quod
1118 455 1184 488 iam
1198 452 1293 490 multi
1311 451 1511 494 refutarunt,
1539 453 1646 489 filium
1668 447 1772 489 Paulli
1795 451 1956 489 Samosat.

232 523 262 545 v.
280 509 398 544 ll'alclz.
422 518 496 555 pag.
515 515 579 548 313.
602 506 799 540 Antiochiae
815 504 982 552 presbyter
1000 501 1124 548 fac‘lus,
1152 506 1185 539 in
1202 506 1406 541 orationibus
1422 503 1515 541 sacris
1531 503 1721 540 auditorum
1736 506 1864 540 auribus
1880 503 1957 540 infi-

233 560 333 601 diari,
362 569 392 594 et
407 570 520 593 auram
535 553 730 605 popularem
746 566 875 604 captare
892 554 1029 590 studuit:
1057 559 1147 591 cuius
1165 559 1240 591 artis
1262 555 1330 591 siue
1353 554 1475 591 fraudis
1498 570 1619 605 opera,
1649 566 1681 591 et
1706 566 1843 605 propter
1864 555 1957 591 abssi-

233 614 378 649 nenti-am
393 614 541 657 vitaeque
556 605 760 643 seueritatem
775 620 930 655 magnam
950 608 1063 642 nadtus
1078 606 1122 642 est
1136 608 1362 644 auetoritatem
1378 605 1579 657 famamque.
1623 610 1712 643 Dein
1726 608 1770 643 ob
1787 608 1859 643 illas
1874 610 1958 642 vitae

234 675 266 700 et
281 665 440 698 orationis
455 663 588 695 virtutes
604 669 635 694 et
652 660 729 694 alias
747 657 885 701 caussam,
913 659 997 708 quae
1013 668 1268 694 commouerant
1285 662 1534 708 imperatorem,
1562 657 1714 694 admotus
1730 658 1776 694 est
1791 656 1956 707 episcopa-

235 718 283 751 tui
305 713 499 749 CPolitano.
549 713 592 746 At
609 713 735 760 ingenii
752 713 872 745 vanitas
887 709 988 758 atque
997 713 1202 757 arrogantia,
1231 712 1374 746 nimium
1397 709 1548 747 aduersus
1556 711 1700 746 Arianos
1718 720 1749 745 et
1769 710 1850 746 alios
1861 722 1959 758 quos.

236 766 313 802 dam
325 767 508 801 haereticos
518 761 638 798 odium
649 788 659 803 ‚
689 771 720 797 et
736 760 845 811 quod,
871 763 1014 797 Mariam
1029 759 1092 798 effe
1109 757 1289 803 θεοτέκον,
1315 761 1424 810 palam
1441 771 1472 797 et
1483 764 1678 811 pertinacius
1693 763 1844 811 negauit,
1872 763 1959 797 exci-

235 827 344 854 tarunt
361 819 388 851 ei
405 813 584 857 inuidiam3
613 826 681 861 quo
699 811 823 848 factum
841 812 905 853 est,
937 821 972 848 vt
993 815 1018 847 is
1042 811 1199 849 incideret
1221 816 1257 848 in
1280 813 1439 859 Scyllam.
1491 815 1612 862 Magni
1638 815 1737 862 igitur
1759 821 1870 848 motus
1892 813 1958 847 orti

235 868 318 906 sunt.
370 866 524 907 Basilius,
563 863 816 900 archidiaconus
840 874 872 899 et
896 863 1149 900 archimandrita
1173 868 1240 900 eius
1259 877 1386 900 nomen
1406 874 1504 913 atque
1525 878 1652 900 errores
1676 863 1793 900 detulit
1816 863 1855 899 ad
1877 865 1956 911 imp.

235 918 489 960 Theodosium,
516 919 569 963 (v.
584 917 652 951 aeta
669 915 804 952 concilii
818 914 991 964 Ephesmi,
1019 925 1099 965 part.
1122 918 1146 951 Ι.
1163 929 1232 964 cap.
1247 927 1300 959 30.
1321 918 1353 950 in
1369 917 1489 966 Mmfii
1502 915 1704 951 collectione
1721 912 1859 964 ampliss.
1875 925 1958 950 torn.

237 974 294 1008 IV.
311 985 343 1020 p.
357 983 436 1005 1101.
453 967 550 1017 sqq.)
574 968 736 1004 Monachi
757 967 879 1016 aliique
898 966 1007 1016 palam
1028 970 1058 1002 ei
1079 966 1366 1005 contradixerunt:
1405 977 1438 1003 et
1459 967 1628 1016 publicum
1652 967 1830 1002 donorum
1857 963 1961 1002 saero-

237 1036 311 1060 rum
329 1020 499 1058 CPolitan.
518 1017 644 1055 editum
661 1018 705 1053 est
721 1017 944 1054 testimonium
956 1048 966 1064 ‚
992 1017 1182 1055 Nestorium
1201 1031 1364 1054 renouare
1379 1032 1504 1054 errores
1518 1018 1621 1053 Paulli
1637 1016 1836 1054 Samosateni
1849 1047 1859 1060 ‚
1886 1022 1959 1065 (gr.

237 1085 268 1111 et
285 1074 338 1110 lat.
356 1077 389 1108 in
407 1074 483 1108 adtis
500 1068 821 1119 conciliiEphefini,
845 1079 927 1119 part.
943 1073 966 1105 Ι.
990 1083 1059 1118 cap.
1078 1082 1123 1113 ¹3·
1150 1073 1183 1106 in
1205 1072 1326 1119 Manfii
1346 1070 1477 1106 collect.
1503 1079 1584 1105 tom.
1602 1073 1641 1105 V.
1661 1082 1738 1119 pag.
1755 1070 1855 1114 467.)
1881 1069 1958 1105 MS.

236 1130 271 1163 in
288 1124 363 1161 cod.
383 1125 560 1161 Vindobon.
576 1123 738 1158 LXXVII.
755 1134 802 1157 10.
828 1135 859 1160 -ν,
877 1123 1019 1157 Lambec.
1036 1124 1094 1157 111.
1119 1135 1155 1171 p.
1174 1125 1270 1165 383.)
1301 1119 1446 1157 Accensa
1462 1121 1508 1157 est
1523 1121 1656 1156 flamma
1672 1123 1822 1156 oratione
1837 1117 1959 1161 Procli,

237 1176 349 1227 (apud
363 1176 524 1225 JlIansiam
543 1185 624 1210 tom.
643 1174 681 1208 V.
706 1187 736 1221 p.
753 1178 824 1218 578.
853 1182 885 1208 et
905 1176 939 1208 in
959 1175 1154 1210 Mer-catoris
1168 1176 1257 1222 Opp.
1281 1183 1363 1208 tom.
1378 1176 1423 1208 11.
1438 1183 1479 1222 p.
1497 1185 1544 1217 19,
1571 1186 1646 1208 cum
1662 1175 1795 1221 antiqua
1808 1170 1960 1207 versione

237 1230 291 1265 lat.
312 1227 411 1276 ipsius
424 1227 639 1266 Mercatoris,
667 1223 845 1272 suspicante
860 1223 994 1273 quidem
1009 1227 1157 1261 Garnier.
1173 1226 1214 1260 ad
1228 1227 1333 1261 Merc.
1354 1237 1428 1273 pag.
1445 1225 1518 1268 26.)
1540 1228 1659 1259 ‘contra
1671 1223 1827 1260 Proclum
1848 1233 1960 1258 tamen

238 1280 409 1316 Nestorius
428 1281 461 1312 in
478 1286 574 1313 oratt.
594 1275 625 1312 se
640 1273 798 1311 defendit.
846 1277 957 1311 Nemo
975 1284 1084 1312 tamen
1098 1278 1203 1313 acrius
1221 1290 1257 1312 ac
1270 1277 1497 1311 vehementius
1514 1274 1707 1311 Nestorium
1729 1271 1894 1323 adgressus
1916 1272 1962 1309 est

238 1341 333 1380 atque
349 1327 539 1369 insectatus,
568 1340 667 1376 quarn
681 1327 848 1373 Cyrillus,
875 1329 933 1375 qui
956 1329 1067 1373 primo
1088 1341 1148 1375 per
1168 1327 1290 1363 litteras
1312 1328 1505 1362 Nestorium
1531 1325 1647 1362 frustra
1669 1327 1710 1360 ab
1737 1329 1907 1374 opinionis
1929 1333 1962 1361 et

239 1382 408 1418 doeh-inae
424 1392 537 1415 errore
552 1391 708 1414 reuocare
722 1377 860 1420 studuit,
888 1376 965 1412 dein
979 1376 1062 1413 alios
1076 1377 1249 1426 ipsumque
1266 1382 1499 1426 imperatorem
1510 1403 1520 1419 ,
1548 1380 1701 1426 inprimis
1718 1376 1958 1418 coelestinum,

237 1432 427 1481 episcopum
442 1442 629 1470 romanum,
656 1432 751 1464 variis
768 1429 898 1468 artibus,
926 1433 1087 1464 contortis
1101 1427 1251 1477 falsisque
1269 1429 1590 1477 interpretationibus
1606 1438 1721 1464 contra
1733 1440 1810 1462 eum
1828 1427 1958 1464 inflam-

238 1487 341 1520 mauit
358 1493 558 1530 magnasque
573 1481 726 1515 excitauit
743 1478 948 1527 tragoedias:
975 1475 1032 1514 sub
1046 1479 1148 1515 finem
1169 1495 1196 1518 a.
1215 1491 1289 1525 430,
1317 1477 1538 1516 Alexandriae
1553 1488 1668 1514 contra
1682 1492 1758 1516 eum
1776 1491 1959 1528 congrega·

237 1538 280 1571 vit
299 1532 486 1581 synodum,
513 1533 603 1567 cuius
618 1529 805 1571 decretum,
832 1529 1009 1579 propositis
1026 1544 1043 1564 a
1060 1531 1192 1577 Cyrillo
1217 1530 1415 1576 duodecim,
1442 1531 1558 1580 quibus
1584 1540 1754 1566 reuocaret
1773 1531 1956 1573 Nestorius,

238 1585 517 1623 anathematibus,
545 1580 700 1617 Nestorio
718 1579 851 1617 missum
867 1582 928 1624 est;
957 1582 1073 1631 quibus
1089 1585 1142 1618 hic
1157 1581 1295 1618 totidem
1311 1580 1476 1632 opposuit.
1505 1585 1543 1618 In
1560 1580 1692 1629 synodo
1708 1580 1841 1618 tandem
1850 1584 1957 1631 Ephe.

239 1638 324 1679 sina,
352 1635 427 1672 dein
443 1632 718 1674 Chalcedonenfi,
747 1633 896 1677 Cyrillus
910 1633 983 1682 post
998 1634 1116 1669 multas
1131 1637 1262 1682 agitatas
1277 1632 1514 1670 controuersias
1529 1644 1705 1682 motusque
1719 1636 1872 1669 excitatos
1887 1647 1959 1682 per.

239 1687 333 1730 fecit,
360 1699 393 1722 vt
408 1685 577 1730 Nestorius
592 1683 829 1720 condemnatus
843 1683 968 1733 suoque
990 1697 1127 1721 munere
1151 1696 1266 1722 exutus
1286 1689 1320 1721 in
1343 1698 1504 1721 carcerem
1525 1688 1726 1725 mitteretur,
1755 1683 1832 1721 dein
1853 1684 1957 1721 redire

237 1741 401 1777 iuberetur
415 1737 647 1778 Antiochiam,
672 1738 706 1771 in
720 1735 955 1772 monasterium
970 1735 1082 1780 suum3
1110 1751 1198 1773 anno
1214 1735 1322 1772 autem
1341 1740 1418 1772 circ.
1435 1749 1508 1781 430.
1525 1735 1624 1771 edixit
1641 1739 1838 1786 imperator,
1865 1736 1954 1779 (vid.

238 1793 347 1841 Illanst
360 1789 489 1826 colleel.
506 1788 677 1824 concilior.
701 1798 784 1824 tom.
800 1791 841 1824 V.
864 1801 939 1837 pag.
956 1788 1048 1831 255.)
1073 1799 1107 1824 vt
1118 1788 1289 1824 Nestorius
1307 1791 1434 1824 Petram
1454 1791 1488 1823 in
1504 1788 1642 1829 Arabia,
1667 1797 1717 1827 at,
1745 1798 1871 1823 mutato
1887 1785 1956 1824 fot·

237 1843 291 1880 san
306 1841 466 1881 consilio,
494 1839 596 1875 Oasin
611 1843 645 1874 in
662 1840 833 1887 AegyptO,
860 1839 1061 1887 relegaretur
1074 1842 1207 1889 eiusque
1223 1838 1390 1875 facultates
1407 1843 1440 1875 in
1457 1838 1546 1874 vsum
1562 1850 1673 1875 coetus
1690 1839 1860 1875 CPolitani
1877 1852 1955 1875 con-

237 1893 409 1930 ferrentur.
464 1892 514 1926 Ibi
530 1904 608 1925 vero
625 1894 656 1925 vi
675 1891 887 1925 barbarorum
905 1890 1006 1926 multa
1027 1891 1122 1926 tristia
1141 1901 1291 1940 expertus
1307 1891 1350 1925 est
1368 1889 1448 1926 fata:
1483 1895 1537 1934 (v.
1556 1891 1694 1927 Walclzii
1715 1889 1826 1927 histor.
1844 1892 1956 1927 haere-

236 1946 339 1985 fium,
365 1948 406 1983 V,
429 1956 462 1990 p.
478 1945 552 1987 564.
570 1941 657 1990 sqq.)
692 1941 769 1978 Ossafi
787 1952 894 1977 tamen
909 1956 937 1976 a.
953 1953 1028 1985 431),
1051 1941 1157 1977 adhuc
1174 1946 1263 1981 vixit.
1316 1945 1368 1978 De
1391 1946 1458 1977 eius
1484 1953 1595 1976 morte
1619 1957 1656 1977 ac
1678 1941 1824 1989 sepulcro
1847 1945 1954 1978 variae

234 1997 464 2043 spargebantur
486 1992 621 2032 fabulae,
656 2008 686 2029 v.
711 1993 910 2039 lVeffmmmi
931 1992 1109 2043 introduci,
1138 1996 1171 2028 iu
1194 1993 1421 2028 memorabilia
1446 1993 1515 2031 hist.
1541 1993 1620 2028 eccl.
1641 2002 1712 2029 tom
1731 1993 1766 2032 *L
1790 2006 1863 2042 pag,
1882 2005 1952 2037 524.

235 2049 415 2095 Gundling.
436 2048 467 2079 in
484 2043 758 2093 GundlingianiS,
785 2046 917 2082 XXXV,
948 2043 1127 2090 Aſjimaifin.
1144 2048 1176 2079 in
1204 2045 1278 2083 bibl.
1306 2048 1422 2081 orient.
1448 2054 1527 2079 tom.
1546 2046 1590 2079 Π.
1616 2058 1688 2093 pag.
1707 2055 1752 2090 55.
1769 2055 1800 2080 et
1815 2047 1885 2087 316,
1911 2058 1952 2080 ex

232 2100 482 2136 Bar-hebraea
510 2117 560 2122 —
611 2098 767 2144 Epitome
786 2094 954 2131 doc‘irinae
973 2098 1153 2131 haereticae
1168 2096 1329 2139 Nestorii,
1359 2099 1390 2131 in
1413 2095 1486 2131 cod.
1506 2096 1684 2131 Vindobon.
1700 2099 1800 2131 XLV.
1826 2110 1876 2132 nr.
1897 2101 1950 2141 48.

232 2165 261 2185 v.
279 2152 420 2186 anlrpc.
437 2148 529 2182 VIII.
553 2161 624 2197 pag.
640 2152 718 2192 935.
745 2165 794 2172 --
831 2149 923 2183 Haec
939 2148 1067 2187 onmia,
1095 2157 1126 2182 et
1143 2147 1244 2182 multa
1261 2148 1342 2188 alia,
1371 2160 1452 2196 quae
1472 2146 1509 2181 ad
1527 2150 1625 2181 vitam
1645 2147 1951 2196 historiamqueNe-

231 2201 319 2237 {lorii
337 2205 470 2249 eiusque
486 2197 585 2234 sed-ae
602 2202 741 2247 penitius
757 2200 962 2247 curatiusqne
978 2197 1221 2246 cognolendam
1243 2196 1384 2234 facerent
1398 2208 1525 2246 praeter
1542 2199 1614 2236 ΨΥ,
1631 2200 1707 2233 DD.
1733 2196 1866 2233 inferius
1882 2211 1949 2234 me-

231 2264 380 2288 moratos
393 2281 402 2294 a
431 2261 461 2285 et
478 2250 561 2286 Cane
579 2250 650 2284 hist.
665 2251 748 2287 liter.
770 2251 823 2283 SS.
845 2256 922 2288 eccl,
943 2253 967 2285 l.
992 2259 1064 2297 'pag-
1080 2261 1149 2292 412,
1171 2249 1236 2297 sqq.
1261 2251 1387 2284 vberius
1404 2247 1623 2295 exposuerunt
1639 2249 1696 2285 cel.
1721 2252 1770 2285 Io.
1789 2251 1950 2285 llfattlzias

229 2305 395 2340 Sclmeclclz
425 2306 477 2336 iu:
515 2301 700 2336 cl1riffl=che
728 2300 1076 2351 Ki1·chengellliiclits³,
1113 2312 1130 2335 τ’
1149 2314 1194 2337 m.
1216 2303 1339 2339 XVIII.
1364 2299 1447 2349 Lips.
1471 2308 1554 2343 ¹723.
1580 2307 1611 2339 8.
1638 2302 1889 2348 pag‘.175-312.
1917 2309 1948 2335 et

230 2355 356 2401 Cx'irssi.
384 2354 474 2390 Gnil.
492 2354 612 2388 Franc.
638 2352 765 2391 Walcft.
786 2355 841 2389 in:
872 2350 1036 2388 Entxwurf
1054 2355 1146 2389 enni·
1164 2352 1406 2400 volllliindigen
1429 2352 1576 2387 Hillorie
1601 2350 1657 2386 der
1680 2354 1870 2388 Ketzereien
1886 2363 1948 2387 etc.

1862 2411 1946 2452 part.
