2023 2656
59 118 124 146 Vol·
137 119 213 146 Vffl-
233 128 260 154 Ρ·
276 120 397 157 614ῑὸίῖ
744 127 933 165 ASTERII
964 130 1056 166 ALII
1367 134 1442 170 Lib.
1456 136 1534 173 Vc.
1544 137 1690 176 XXIII.
1745 152 1799 188 521

160 216 298 258 ‘ebulum
314 219 348 258 ΞΕ
361 217 438 260 bibl.
455 221 568 273 magni
586 220 766 262 Herum-iae
781 222 892 267 ducis,
919 224 974 267 (de
991 238 1059 276 quo
1076 227 1181 263 Henr.
1201 228 1302 263 Nom
1325 230 1360 262 in
1389 230 1576 280 Cenotaph.
1600 231 1700 270 Pisan.
1723 238 1792 279 363.

156 271 298 314 diffilv,
317 288 345 311 c.
362 280 411 315 2.)
464 276 557 312 Alius
577 276 727 319 Asterius,
749 278 869 313 Turcii
893 280 1098 327 Aproniani,
1122 280 1144 322 .(
1157 281 1213 327 qui
1237 293 1265 313 a.
1291 280 1331 314 C.
1356 281 1426 323 363.
1458 281 1641 330 praefedius
1663 287 1794 324 Romae

156 321 251 367 fuit.)
280 325 386 367 filius,
411 325 452 362 de
470 337 539 376 quo
555 329 764 364 Muratorius
780 326 851 364 diff.
869 332 910 365 11.
925 328 965 365 ad
983 334 1022 365 V.
1046 330 1174 365 Paulini
1193 333 1357 372 cai-mina,
1383 341 1465 368 tom.
1483 335 1507 368 1.
1534 334 1724 373 anecdoton
1747 339 1791 374 la·

173 378 258 412 tino.
276 390 308 426 p.
331 389 398 422 143.
434 380 617 416 Tillemont.
640 389 720 415 tom.
736 382 793 415 IV.
816 378 888 419 hist,
911 384 1101 430 imperator.
1121 395 1154 430 p.
1171 388 1243 426 981.
1263 388 1343 426 1158.

55 453 101 495 12.
126 459 280 517 Asterius,
299 464 483 511 praefift‘zzs
501 466 648 502 Orientis
672 462 728 500 sub
746 463 904 507 Arcadio,
930 464 971 502 de
992 479 1060 516 quo
1075 467 1276 513 Nicephorus
1299 467 1391 503 XIII.
1415 479 1445 504 2.
1472 468 1584 512 Alius,
1609 474 1790 522 imperante

157 515 335 552 Mauricio.
360 517 406 551 id.
421 519 542 552 XVIII.
564 528 608 550 12.
630 526 662 550 et
681 527 725 558 13.

55 606 99 638 13.
125 598 175 632 Ab
190 612 232 634 eo
248 594 390 637 diuersus
408 601 559 642 Asi-erim,
581 614 712 643 comes,
737 612 768 638 et
785 604 960 638 Armeniae
980 600 1064 644 dux,
1087 606 1180 639 cuius
1201 607 1353 640 meminit
1376 607 1408 642 S.
1436 605 1636 657 Athanasius
1656 612 1692 646 in
1720 604 1788 648 fine

155 651 331 701 apologiae
346 663 431 689 tom.
448 656 473 688 I.
498 665 531 702 p.
549 656 625 693 688.
647 664 680 689 et
696 654 785 703 epist.
799 653 839 689 ad
855 653 1036 690 solitariam
1055 657 1156 690 vitam
1179 666 1312 705 agentes
1335 667 1419 692 tom.
1444 660 1471 693 1.
1496 672 1529 707 p.
1554 666 1625 705 845.

58 746 106 778 14.
130 737 284 782 Asterius,
300 742 470 789 preebyter
491 739 726 784 Antiochum,
748 744 998 786 Eunomianus‚
1020 745 1111 780 cuius
1130 748 1258 783 mentio
1281 744 1369 795 apud
1391 746 1642 797 Phihstorgium
1663 749 1720 788 lib.
1744 754 1784 788 X.

154 803 224 839 cap.
246 804 270 828 1.
294 794 506 839 Nicephorum
523 796 596 830 XII.
620 802 651 834 8.
675 794 749 837 hist.
1203 809 1207 811 “

52 870 115 920 [P]
142 885 183 931 15.
213 877 367 920 Asteriu2‚
384 878 572 923 Amasenus,
600 883 634 917 in
654 871 898 930 Mesopotamia
916 878 1099 930 episcopm,
1117 885 1203 918 inter
1217 882 1401 919 Orientales
1416 882 1495 920 illos
1505 882 1581 928 fuit,
1596 889 1655 936 qui
1669 889 1781 932 Cyril-

74 932 77 935 ’
155 925 227 963 lum
250 930 344 966 Alex.
367 941 398 967 et
414 933 637 969 Memnonem
655 935 691 967 iu
707 931 840 978 synodo
856 931 1021 981 Ephe'fina
1040 931 1220 981 deposuere
1239 948 1266 968 a.
1283 939 1322 971 C.
1340 941 1408 977 431.

54 1007 100 1042 16.
128 1008 283 1054 Asterius,
301 1013 472 1063 episcopus
493 1014 720 1057 Tridentinus,
746 1017 799 1050 cui
816 1000 975 1064 Virgilius
996 1013 1141 1051 succeffit
1162 1029 1190 1051 a.
1214 1017 1253 1051 C·
1278 1022 1346 1061 385·
1369 1015 1444 1052 vide
1467 1019 1568 1054 vitam
1591 1020 1622 1054 S.
1647 1021 1781 1071 Virgilii

153 1062 240 1110 apud
259 1064 459 1101 Bollandum
479 1078 530 1112 29.
546 1068 628 1102 Mai.

53 1152 100 1186 17.
127 1144 273 1181 Asterius
289 1145 345 1183 sub
362 1141 550 1190 Valeriano,
570 1152 660 1196 imp.‚
667 1147 805 1194 senator
819 1159 988 1188 romanus,
1015 1156 1153 1193 martyr,
1184 1146 1225 1183 de
1241 1161 1310 1196 quo
1327 1150 1527 1196 Nicephorus·
1545 1152 1602 1187 lib.
1626 1156 1681 1189 VI.
1710 1154 1781 1192 hist.

154 1209 181 1231 c.
198 1208 246 1240 14.
298 1199 336 1233 In
357 1198 487 1235 Eusebii
505 1199 674 1235 codicibus
694 1202 818 1247 graecis
841 1200 868 1233 1.
889 1200 920 1234 6.
948 1198 1017 1234 hist.
1040 1212 1066 1234 c.
1091 1200 1138 1233 16.
1168 1195 1323 1247 'Aequffi
1376 1199 1440 1236 Sed
1463 1202 1627 1248 Asterium
1648 1205 1781 1248 habeut,

151 1259 279 1296 praeter
293 1250 455 1286 Rufinum
466 1278 476 1292 ‚
504 1253 601 1287 etiam
618 1251 861 1300 martyrologia
877 1262 903 1293 3.
921 1252 1056 1291 Martii,
1083 1259 1114 1284 et
1129 1250 1324 1300 menologia
1339 1263 1367 1295 7.
1381 1253 1518 1302 August.
1548 1255 1677 1290 Omitto
1699 1257 1782 1293 alios

154 1311 315 1344 martyres
332 1302 399 1336 hoe
414 1306 571 1345 nomine3
600 1300 811 1344 Edessenum,
829 1300 886 1337 sub
900 1303 1107 1337 Numeriano
1123 1312 1175 1336 20.
1192 1303 1276 1338 Mai.
1303 1305 1483 1351 Aegeatem
1497 1303 1554 1340 sub
1566 1306 1780 1344 Diocletiano

153 1361 202 1394 23.
223 1353 359 1402 August.
381 1363 413 1388 et
433 1351 626 1396 Ostiensem,
650 1352 708 1389 sub
725 1351 914 1389 Alexandro
936 1354 1061 1390 seuero
1081 1364 1128 1388 21.
1145 1353 1336 1390 Oc'tebn'et
1355 1355 1515 1392 Rufinam
1529 1370 1568 1394 ac
1581 1357 1777 1402 Secundam,

151 1414 329 1450 martyra,
356 1403 471 1441 Asterii
491 1404 657 1442 clarissimi
673 1404 775 1447 filias,
804 1405 932 1441 10.1ul.

54 1490 100 1525 18.
126 1483 282 1529 Asterius,
308 1488 455 1529 medicus,
481 1492 572 1524 cuius
586 1487 767 1535 collyrium
784 1485 884 1524 refert
902 1485 1021 1523 Aetius
1036 1484 1199 1524 tetrabibli
1214 1499 1244 1528 2.
1269 1487 1404 1538 linum.
1418 1503 1487 1541 cap.
1503 1490 1562 1527 vlt.

52 1578 100 1614 19.
128 1568 280 1614 Asterius,
297 1567 555 1622 ταχυγξοὶφος,
571 1575 661 1608 cuius
676 1573 804 1606 mentio
822 1574 855 1606 in
873 1571 990 1620 Synqfii
1006 1567 1155 1618 episs.61.

52 1662 106 1688 20.
133 1653 289 1697 Asterius,
292 1654 517 1701 subdiaconus,
536 1667 594 1704 per
608 1666 707 1702 quem
723 1655 955 1698 Hieronymus
972 1666 1000 1687 a.
1010 1655 1048 1689 C.
1066 1655 1139 1697 396.
1159 1662 1191 1688 et
1211 1664 1289 1697 402.
1318 1652 1490 1703 epistolam
1509 1656 1548 1690 V.
1570 1654 1610 1692 ad
1625 1658 1778 1708 Augusti-

154 1718 235 1740 num
251 1705 356 1748 misit,
385 1719 551 1755 quemque
572 1705 678 1741 filium
701 1703 794 1740 suum
820 1715 852 1740 et
873 1701 1087 1739 necessarium
1109 1703 1251 1753 adpellat
1275 1706 1365 1753 epist.
1385 1709 1498 1742 LXIX.
1517 1705 1594 1743 edit.
1617 1722 1725 1745 nouae
1746 1720 1779 1746 et

154 1756 360 1805 Augustinus
377 1755 468 1806 epist.
489 1757 528 1793 ad
545 1759 805 1803 Hieronymum,
820 1758 886 1791 eius
902 1758 1106 1791 mentionem
1124 1753 1264 1791 faciens:
1291 1770 1374 1792 nunc
1387 1765 1491 1794 tamen
1506 1761 1550 1794 cis
1564 1760 1637 1808 ipsis
1650 1761 1787 1807 rifi-Jon-

152 1810 227 1844 debo
248 1809 365 1850 literis,
398 1822 477 1857 quas
496 1811 571 1844 mihi
583 1821 645 1855 per
665 1808 807 1852 faustum
820 1807 929 1854 filium
951 1806 1109 1853 nostrum,
1144 1806 1320 1854 Asterium,
1345 1811 1404 1843 iam
1421 1811 1545 1846 mittere
1560 1813 1716 1859 dignatus
1735 1825 1775 1848 et.

152 1862 220 1897 Hic
235 1859 347 1909 postea
364 1858 439 1898 Vici
455 1859 585 1896 Africae
604 1860 782 1906 epifi-opus,
809 1862 865 1909 qui
888 1858 1060 1894 collationi
1079 1858 1340 1906 Carthaginienfi
1356 1874 1383 1894 a.
1400 1863 1440 1896 C.
1456 1872 1521 1904 411,
1538 1860 1696 1899 interfuit.

53 1955 98 1979 21.
126 1943 282 1986 Asterius,
291 1934 463 1992 presbyter
478 1954 510 1979 et
525 1946 675 1979 notarius
691 1946 724 1978 in
741 1941 886 1977 concilio
900 1940 1192 1990 Constantinopol.
1207 1956 1234 1977 a.
1249 1944 1288 1977 C.
1303 1948 1379 1985 448.
1403 1955 1472 1991 quo
1491 1945 1658 1990 Eutyches
1685 1944 1775 1983 dam-

150 2006 244 2031 natus
261 1996 315 2031 est.
371 1997 463 2031 Idem
480 1995 641 2036 Asterius,
667 1993 709 2029 ad
731 2006 831 2043 quem
846 1994 966 2027 Leonis
984 1994 1101 2041 Magni
1114 1992 1250 2041 epistola
1265 1996 1342 2029 LIII
1371 2007 1423 2028 ao.
1439 2005 1514 2038 450.
1539 1994 1628 2033 data.
1655 1999 1690 2031 in
1706 2010 1771 2046 qua

155 2058 187 2082 et
201 2047 329 2089 Asterii,
345 2047 487 2094 episcopi,
508 2062 525 2082 a
538 2046 569 2084 se
585 2047 738 2095 ablegati,
754 2047 893 2086 mentio,
920 2042 974 2080 sed
989 2046 1045 2093 qui
1062 2046 1093 2079 in
1109 2044 1180 2080 aliis
1197 2044 1297 2081 codd.
1314 2046 1467 2080 Etim-ins
1480 2044 1675 2132 adpellaztgr.
1688 2097 1765 2147 Astc

57 2209 130 2236 ⁴94·
155 2198 224 2229 add.
249 2201 269 2230 fi
292 2200 392 2237 lubet,
430 2210 483 2238 ea,
515 2209 593 2241 quae
616 2199 716 2240 scripsi
740 2199 771 2226 in
795 2198 895 2228 Notit.
941 2195 1003 2225 vol.
1030 2196 1112 2226 VIII.
1143 2195 1200 2228 col.
1223 2202 1281 2232 585.
1314 2196 1421 2227 Colon-
1452 2200 1577 2240 Agripp.
1610 2203 1687 2233 1618.
1715 2201 1777 2230 voi.

57 2244 143 2272 bren·
168 2241 290 2272 [mel-m,
313 2253 392 2273 mm.
422 2255 452 2284 p,
476 2253 535 2280 233·
568 2243 609 2283 sq.
640 2251 669 2271 et
691 2243 723 2270 iu
747 2239 898 2281 Supplem.
943 2241 994 2269 VI.
1016 2246 1092 2279 part.
1115 2241 1138 2268 Ι.
1163 2250 1191 2280 p.
1215 2249 1274 2276 334.
1299 2241 1387 2270 Paris.
1413 2244 1497 2277 1624.
1521 2241 1583 2274 vol,
1603 2244 1685 2272 VIII.
1707 2253 1775 2284 pag.

59 2294 133 2316 tom.
155 2287 179 2314 1.
205 2296 233 2325 p.
257 2291 312 2322 358,
337 2299 383 2310 --->
413 2286 514 2317 Tur-cii
538 2286 609 2329 Rufi
632 2284 748 2326 Asterii
773 2283 897 2313 collatio
944 2291 1024 2319 mot.
1048 2280 1103 2316 fol.
1127 2292 1156 2313 v.
1183 2281 1267 2313 catal.
1293 2281 1366 2313 bibl.
1391 2282 1529 2317 Leidens.
1550 2296 1580 2324 p.
1603 2294 1648 2317 πο.
1684 2286 1776 2318 Har-5.

58 2330 183 2358 metrica
206 2330 243 2358 V.
268 2336 297 2358 et
321 2331 362 2364 Ν.
386 2331 429 2362 T.
452 2332 483 2360 in
507 2329 581 2360 bibl.
603 2338 680 2372 patr.
706 2328 794 2358 Paris.
822 2331 897 2362 1589-

29 2404 31 2407 ·
99 2395 164 2427 Vol.
190 2395 247 2426 [Χ.
1122 2387 1152 2418 V
1179 2397 1198 2417 v
1226 2397 1242 2418 v
