2023 2656
726 109 1191 149 PRAEFATIO
1803 122 1830 148 v

52 266 57 269 ·
95 262 188 304 407.
205 259 371 306 quatuor
383 245 529 290 Procli
548 247 700 300 hymni:
731 261 817 303 pag.
840 249 932 302 760.
959 247 1155 300 Chorim',
1190 249 1398 304 sophistae,
1433 226 1560 290 oratio
1581 248 1753 290 funebris
1781 248 1823 289 in

75 419 80 422 .
91 362 326 415 Procopium
335 391 349 411 ,
377 360 583 414 sophistam
591 390 603 410 ‚
631 362 841 403 Gazaeum.

260 474 355 525 Qio
377 471 528 521 euenit,
565 481 627 522 vt,
664 471 754 512 licet
781 469 957 525 pluribus
986 484 1007 512 a
1035 483 1100 513 me
1131 468 1241 513 faffis
1275 470 1574 518 accessionibus,
1622 469 1821 520 integrum

91 595 212 637 paene
245 581 432 623 volumen
464 591 538 623 vet.
563 582 653 623 edit.
682 584 723 624 in
752 582 832 623 hoc
856 581 934 624 vol.
962 580 1187 623 conclusum
1212 581 1447 626 redderetur,
1519 579 1636 620 Haud
1662 576 1823 634 quidem

51 694 55 696 ’
92 692 275 743 deerunt,
302 694 370 750 qui
389 692 586 744 censeant,
614 692 722 747 plura
743 693 907 747 potuisse
926 706 948 734 a
971 706 1035 734 me
1058 693 1321 748 praetermitti.
1378 691 1434 732 At
1448 700 1577 739 metu,
1606 702 1654 728 ne
1670 686 1734 727 alii
1757 698 1822 726 me

89 804 307 845 incusarent
321 804 463 845 nimiae
484 801 693 858 multisque
719 805 888 857 ingratae
910 802 1169 859 molestaeque
1191 800 1442 857 parsimoniae
1458 810 1523 841 aut
1539 798 1741 840 iniustitiae
1764 809 1823 836 er-

90 912 138 968 ga
157 926 289 955 manes
304 912 564 963 Fabricianos,
592 914 794 955 deterritus
809 915 893 957 sum
910 928 930 956 a
949 912 1120 958 consilio.
1179 912 1245 954 Eo
1262 912 1383 967 plura,
1407 910 1470 952 vel
1484 910 1569 965 post
1586 907 1750 950 Fabricii
1766 905 1823 946 di-

90 1023 289 1076 ligentiam
303 1025 402 1077 typis
423 1023 600 1075 repetita,
632 1022 694 1061 vel
714 1034 734 1060 a
749 1034 814 1061 me
831 1023 872 1060 in
887 1020 1150 1075 superioribus
1165 1021 1430 1062 voluminibus
1444 1022 1523 1060 iam
1544 1026 1730 1073 occupata
1742 1046 1753 1066 ‚
1777 1028 1825 1055 ex

92 1131 244 1174 duobus
253 1129 498 1186 sequentibus
509 1131 648 1172 veteris
667 1131 848 1173 editionis
860 1129 1124 1172 voluminibus
1135 1132 1174 1171 in
1190 1143 1294 1172 noua
1309 1129 1479 1172 editione
1493 1131 1576 1170 iure
1588 1124 1824 1171 exsulabunt.

258 1241 382 1294 Qod
399 1240 592 1296 reliquum
617 1241 691 1291 est,
720 1240 867 1283 suetam
885 1241 954 1283 cel.
969 1222 1127 1292 Beckii,
1160 1243 1270 1281 cuius
1294 1253 1452 1296 quoque
1476 1238 1601 1279 studio
1624 1246 1739 1291 atque
1762 1247 1825 1273 va-

91 1356 169 1395 riae
184 1363 222 1394 et
236 1350 482 1393 inexhaustae
501 1352 711 1394 eruditioni
727 1352 907 1394 litteraria
923 1352 1057 1407 paffim
1076 1351 1245 1407 adspersa
1260 1349 1377 1391 debes
1394 1342 1670 1404 sufiplementa‚
1697 1354 1735 1386 et
1752 1342 1824 1383 cel.

89 1460 378 1521 Rosmzmiilleri
392 1465 432 1504 in
447 1463 684 1516 corrigendis
700 1477 906 1519 operarum
922 1463 1090 1518 peccatis
1115 1476 1249 1504 curam
1272 1471 1387 1518 atque
1410 1459 1672 1513 diligentiam,
1707 1455 1824 1497 etiam

89 1579 129 1618 in
147 1576 225 1617 hoc
242 1573 443 1614 volumine
465 1573 707 1615 laudabiliter
722 1575 959 1629 praestitam,
991 1586 1083 1615 cum
1098 1574 1218 1615 animi
1231 1550 1340 1626 *grati
1362 1569 1639 1626 fignificatione
1660 1576 1822 1609 mecum

88 1684 340 1745 praedicabis.
399 1683 560 1725 Nullum
576 1686 736 1741 quidem
755 1687 917 1727 omnino
933 1699 1015 1727 non
1033 1683 1224 1726 sublatum
1243 1682 1317 1725 effe
1334 1684 1473 1724 vitium
1488 1678 1822 1737 typographicunb

89 1811 216 1853 neque
230 1810 304 1850 ego
321 1794 474 1850 poss‘um
488 1796 707 1849 adfirmare,
729 1798 768 1850 ³⁶)
795 1810 922 1854 neque
938 1796 1076 1854 anquis
1090 1796 1283 1839 humanae
1297 1793 1463 1851 suaeque
1484 1789 1599 1849 ipfius
1623 1787 1824 1833 infirmita-

1029 1905 1098 1960 b3
1438 1943 1446 1949 ,
1772 1897 1821 1937 tis

131 2109 163 2144 ⁴¹)
185 2109 235 2139 Ex.
252 2109 349 2146 gratia
364 2114 397 2139 vt
414 2117 509 2150 pauca
524 2104 681 2151 proferam
698 2117 766 2150 pag.
781 2116 825 2145 ς».
841 2114 905 2139 noo.
927 2106 987 2138 col.
1002 2118 1030 2139 a.
1044 2106 1099 2139 lin.
1114 2118 1167 2146 40.
1182 2117 1262 2138 corr.
1279 2103 1490 2148 diuersarmm
1517 2109 1548 2134 et
1571 2101 1631 2134 eol.
1644 2101 1674 2132 b.
1696 2099 1750 2131 lin.
1773 2108 1819 2136 14.

91 2193 279 2236 Apolologia
293 2195 366 2235 (fic)
387 2212 430 2219 -
452 2205 521 2237 pag.
536 2199 597 2228 128.
621 2196 654 2224 in
668 2193 748 2224 linea
762 2193 900 2235 suprema
914 2205 971 2236 pro
987 2197 1071 2225 VIII.
1086 2193 1175 2225 scrib.
1192 2195 1275 2225 xm.
1297 2209 1337 2218 -
1363 2201 1430 2235 pag.
1446 2196 1515 2226 248.
1528 2196 1591 2218 not.
1608 2187 1667 2218 col.
1681 2187 1711 2218 b.
1726 2185 1780 2216 liu.
1796 2195 1818 2215 1.

92 2278 146 2309 scr.
155 2277 237 2323 saec.
260 2296 303 2304 —
327 2290 395 2323 pag.
414 2290 482 2319 ²7²·
499 2279 566 2312 se&⁴
582 2289 606 2316 3.
622 2279 676 2311 liu.
692 2290 723 2319 7.
738 2279 792 2313 scr.
816 2280 1028 2321 ‹antiquat-um.
1073 2280 1199 2321 Reliqua
1214 2279 1277 2322 ipse
1294 2278 1396 2310 forsan
1415 2275 1505 2307 facile
1524 2275 1670 2311 corriges.
