2023 2656
33 184 228 219 v01.1x.p.39
444 184 731 221 SCRIPTORES
759 184 820 221 DE
848 184 1042 221 SANCTIS
1071 186 1226 224 OCCID.
1332 182 1656 221 Lib.V.c.XXIX.
1703 194 1759 229 157

131 293 228 325 nem,
256 292 339 330 quae
364 282 449 316 vitae
471 282 503 315 S.
523 279 643 329 Pelagii
665 279 852 323 subiicitur3
891 277 945 315 sed
971 279 1075 328 vulgo
1098 277 1289 329 Legendam
1313 289 1417 315 totam
1440 281 1579 315 nomine
1601 278 1759 314 historiae

130 331 367 368 Lonibardicae
385 330 521 373 venisse,
548 342 645 382 atque
659 335 706 368 Io.
725 333 917 368 Bollaudum
932 329 1034 380 praef.
1051 331 1091 366 ad
1106 342 1189 366 tom.
1204 334 1228 366 Ι.
1245 332 1386 366 Ianuarii
1402 344 1434 379 p.
1454 343 1502 376 19.
1529 329 1664 380 putasse,
1689 332 1756 365 ine·

128 393 199 432 ptas
214 386 438 433 etymologias
453 384 493 418 ab
509 383 575 419 alio
597 382 660 419 effe
681 383 815 419 additas.
839 380 842 381 ⁷
869 386 1007 434 Qoties
1020 396 1099 418 vero
1122 381 1206 418 istud
1228 396 1332 432 opus,
1369 395 1489 431 vorago
1504 383 1695 429 fabularum
1715 381 1755 416 ab

129 434 199 470 aliis
217 435 364 470 habitum
382 435 575 485 didlumque
587 464 597 480 ‚
626 434 703 471 saec.
718 438 787 474 XV.
811 446 842 470 et
856 439 927 470 init.
944 433 1023 471 saec.
1039 436 1126 471 XVI.
1155 433 1211 470 sub
1232 435 1331 484 prelis
1348 432 1469 469 sudarit
1486 444 1517 470 et
1532 438 1565 470 in
1587 434 1664 469 alias
1689 433 1752 469 lin·

125 499 205 535 guas
223 486 260 522 fit
275 487 484 530 translatum,
510 486 703 523 incredibile
723 500 825 529 paene
838 485 976 522 videtur.
1028 488 1116 523 Nam
1140 486 1264 523 Fabric.
1286 496 1317 521 et
1341 486 1373 519 h.
1387 486 1410 521 l.
1426 493 1457 520 et
1470 488 1503 520 in
1518 483 1647 521 salutari
1665 485 1752 525 luce.

125 537 308 574 admodum
324 541 480 588 exiguum
495 551 672 574 numerum
688 538 823 574 adtulit:
850 539 972 574 nubem
987 551 1079 580 vere,
1106 539 1171 575 heu
1185 535 1451 587 propemodum!
1478 534 1673 572 immensam
1687 534 1755 571 edi·

125 592 254 625 tionum
271 601 367 639 atque
384 588 572 625 ver-[Ionum
588 592 742 625 excitauit
758 591 905 626 Panzer.
923 591 958 625 in
974 589 1091 625 Annal.
1107 600 1238 639 typogr.
1260 603 1301 625 ex
1325 590 1442 637 quibus
1466 601 1583 624 omnes
1606 587 1679 623 illas
1703 599 1754 623 re-

126 638 213 677 serre
237 640 359 677 taeduit
385 655 458 684 me,
489 652 654 690 praeterea
671 644 829 683 veritum,
855 655 897 677 ne
911 652 1062 690 tempore
1081 651 1112 677 et
1125 641 1290 677 lectorum
1305 643 1460 689 patientia
1473 641 1630 675 abuterer.
1659 653 1688 674 v.
1706 641 1755 673 in.

126 692 215 728 dices
233 692 272 728 ad
291 693 366 728 illos
386 696 474 728 Anu.
497 703 566 741 typ.
588 693 655 728 vol.
671 696 711 728 V.
737 706 814 743 pag.
831 695 1003 738 454-456.
1028 703 1060 728 et
1081 693 1150 729 vol.
1165 694 1222 729 XI.
1250 706 1324 741 pag.
1343 699 1413 736 184.
1429 690 1475 740 sq.
1498 692 1609 739 ibique
1629 690 1754 726 multae

125 744 215 780 editt.
234 747 295 780 Iac.
312 744 352 778 de
369 746 527 793 viragine
548 746 731 780 Sermonum
744 747 781 780 de
794 753 934 792 tempore
947 752 978 780 et
1002 745 1128 781 Sanffls
1146 756 1179 780 et
1202 747 1387 780 Sermonum
1409 745 1446 779 dc
1467 743 1595 779 Sanft'is
1617 755 1752 778 enume-

122 806 244 832 rantur.
297 794 463 843 Qasdam
481 807 588 833 tamen
603 794 766 845 antiquiss.
783 795 874 832 editt.
893 797 1047 832 historiae
1066 796 1156 832 istius
1171 810 1211 832 ex
1228 795 1293 833 illis
1311 794 1432 831 Annal.
1449 807 1638 831 memorare
1650 794 1751 829 lubet.

117 865 168 874 -
195 850 229 882 in
250 847 318 882 vol.
335 850 392 882 IV.
416 861 447 895 p.
468 860 516 889 12,
535 850 589 883 66.
616 846 666 882 ed.
682 863 710 883 a.
729 860 822 892 1474.
846 847 910 886 sol.
937 847 1005 884 fine
1020 848 1086 885 loci
1106 859 1196 884 nota.
1224 866 1274 875 —-
1308 846 1376 883 vol.
1394 850 1436 882 11.
1456 860 1488 895 p.
1506 857 1577 891 275Ί
1596 852 1647 886 28.
1673 843 1751 880 edit.

123 897 218 937 Paris.
244 912 304 947 per
321 898 465 935 Vdalric.
484 902 629 950 Gering,
657 901 758 935 Mart.
777 903 923 942 Crancz,
952 910 984 935 et
1000 901 1111 936 Mich.
1125 901 1275 948 Friburg.
1300 914 1327 935 a.
1343 910 1430 943 1475.
1452 897 1514 934 fol.
1548 898 1691 943 (Fabric.
1716 899 1751 932 in

49 957 54 961 ’
123 949 209 986 Add.
225 950 264 984 ad
282 950 346 986 vol.
364 953 419 986 IX.
443 962 506 986 vet.
524 952 574 987 ed.
591 953 666 987 citat
682 951 731 988 ed.
747 951 841 991 Paris,
858 954 948 995 1476,
968 950 1047 995 fol.)
1070 971 1120 979 —
1146 952 1214 988 vol.
1228 952 1255 986 I.
1276 965 1307 1000 p.
1324 959 1400 992 280,
1416 962 1464 994 37.
1492 949 1544 989 ed.
1561 949 1702 992 Conradi
1715 948 1753 984 de

122 1003 338 1043 Hoemborclz,
366 1002 492 1042 Colon.
511 1003 602 1046 1476.
618 1000 682 1039 fol.
710 1023 761 1030 —
787 1004 854 1040 vol.
871 1006 913 1040 11.
937 1017 967 1052 p.
986 1015 1054 1048 174,
1072 1009 1123 1043 28.
1150 1017 1187 1039 ac
1204 1009 1318 1052 p.180.
1337 1014 1386 1047 54.
1414 1001 1489 1037 edit.
1504 1001 1682 1049 Noriberg.
1696 1012 1752 1035 au-

123 1055 210 1090 <stam
230 1053 414 1089 multorum
431 1055 606 1098 sciorum,
634 1068 713 1104 quas
730 1057 836 1091 variae
852 1052 1014 1091 dioeceses
1027 1065 1242 1096 venerantur,
1269 1052 1440 1103 legendis,
1466 1067 1525 1102 per
1545 1056 1594 1088 Io.
1617 1049 1752 1086 Sensen·

119 1103 247 1142 schmid
262 1115 294 1139 et
309 1104 410 1140 Andr.
426 1105 565 1143 Frisner.
583 1108 674 1149 1476.
698 1104 757 1142 fol.
783 1120 871 1142 max.
889 1107 931 1142 ib.
954 1120 1029 1156 pag.
1048 1113 1120 1148 180,
1137 1118 1188 1152 54.
1223 1120 1283 1155 per
1300 1108 1425 1141 Anton.
1446 1105 1632 1153 Koburger.
1657 1108 1749 1146 1478.

120 1154 181 1193 fol.
209 1165 240 1190 et
264 1154 396 1204 saepius.
424 1177 476 1184 —
509 1171 583 1207 pag.
603 1170 711 1192 tamen
730 1169 797 1201 213.
814 1170 882 1202 225.
913 1158 990 1193 edit.
1013 1159 1192 1207 Noriberg.
1218 1171 1278 1207 per
1303 1160 1376 1192 Ant.
1399 1157 1547 1205 Koburg.
1570 1170 1596 1190 a.
1615 1166 1703 1199 1493.
1730 1167 1750 1188 a

119 1208 273 1245 Fabricio
292 1220 429 1255 quoque
455 1211 602 1253 citatam,
628 1210 750 1243 Panzer
767 1209 899 1244 dubiam
917 1207 981 1244 effe
996 1209 1128 1244 censuit.
1156 1228 1208 1236 --
1260 1209 1338 1244 Vol.
1355 1211 1377 1242 1.
1402 1222 1434 1256 p.
1452 1219 1519 1253 354.
1539 1218 1569 1241 2.
1591 1204 1667 1241 edit.
1683 1208 1750 1242 Da-

119 1256 293 1295 ventriens.
311 1270 369 1305 per
382 1259 481 1294 Rich.
499 1257 657 1294 Paffraed.
674 1270 768 1303 1479.
788 1257 849 1295 fol.
875 1279 926 1285 —
952 1260 1019 1295 vol.
1039 1262 1095 1295 IV.
1120 1273 1196 1309 pag.
1213 1270 1271 1304 151.
1289 1271 1351 1293 211.
1369 1271 1436 1294 212.
1453 1269 1514 1294 etc.
1541 1268 1605 1293 trer-
1621 1270 1751 1293 memo-

117 1319 233 1347 rantur
255 1307 329 1343 edd.
343 1308 412 1345 line
431 1309 507 1346 loco
526 1320 558 1345 et
573 1323 672 1346 anno.
697 1323 728 1359 p.
747 1322 804 1356 151.
821 1325 870 1349 111.
889 1323 967 1357 709.
1007 1309 1180 1359 Legendae
1201 1312 1355 1347 8610111111
1378 1313 1572 1359 Hungariae
1593 1311 1629 1343 111
1647 1310 1747 1343 Lom-

118 1359 248 1397 bardica
264 1361 398 1397 historia
414 1374 485 1398 non
503 1372 698 1402 contentae,
724 1360 745 1397 s.
763 1363 785 1398 1.
805 1372 835 1396 et
849 1376 876 1397 a.
902 1366 935 1398 in
952 1360 1015 1398 fol.
1069 1361 1134 1398 Sed
1155 1365 1235 1399 haec
1255 1361 1432 1398 sufficiant:
1467 1363 1517 1397 cui
1541 1360 1663 1409 volupe
1687 1362 1749 1395 erit

116 1412 227 1463 plures
244 1410 443 1462 cognoscere
467 1413 644 1454 editiones,
683 1415 709 1449 is
736 1413 829 1449 adeat
855 1416 989 1450 Panzer.
1011 1413 1046 1450 11.
1068 1417 1135 1450 citt.
1162 1433 1210 1440 —
1263 1416 1316 1450 De
1338 1412 1413 1448 edit.
1437 1412 1597 1448 versionis
1620 1412 1746 1447 italicae

116 1466 235 1500 Venet.
254 1475 340 1509 1475.
357 1467 447 1513 typis
462 1467 534 1502 Nic.
547 1464 679 1501 Ienson.
709 1478 737 1501 ν.
753 1465 866 1502 Esame
881 1487 900 1493 -
915 1479 1041 1501 ovvero
1057 1468 1164 1502 Storia
1184 1469 1294 1502 critica
1316 1464 1348 1500 di
1366 1468 1440 1501 Nic.
1454 1463 1574 1500 Ienson
1591 1476 1693 1512 opera
1708 1481 1745 1490 -·

119 1515 160 1552 da
181 1517 332 1553 Giacomo
354 1518 505 1560 sardini,
536 1517 624 1553 libro
644 1519 689 1553 II.
713 1519 855 1560 Luccae,
881 1529 973 1563 1797.
1000 1515 1060 1553 fol.
1085 1527 1165 1566 part.
1181 1520 1256 1553 VII.
1286 1531 1354 1566 cap.
1375 1530 1397 1552 1.
1424 1531 1498 1566 pag.
1521 1519 1576 1561 69.
1600 1514 1669 1564 sqq.
1696 1533 1745 1542 --

117 1567 251 1616 Erqsmi
262 1567 652 1604 SclmzidiiCalendarium
670 1569 936 1619 etymologicum
953 1584 992 1605 ex
1003 1568 1221 1605 Lombardica
1232 1569 1378 1605 Historia
1388 1570 1452 1605 Iac.
1470 1567 1509 1603 de
1518 1570 1746 1615 Voragine—

116 1619 324 1670 congestum.
353 1633 382 1654 v.
410 1622 444 1654 in
469 1622 518 1655 Io.
541 1621 601 1657 Ge.
623 1622 817 1657 Schellzornii
842 1622 1106 1656 Amoenitatibus
1130 1621 1265 1656 litterar.
1291 1632 1373 1657 tom.
1390 1624 1448 1657 XI.
1472 1634 1546 1669 pag.
1566 1632 1624 1665 324
1643 1639 1662 1645 -
1678 1619 1746 1661 361.

111 1669 270 1710 Francos.
286 1681 318 1707 et
332 1669 417 1719 Lips.
433 1683 526 1717 1729.
545 1678 577 1712 8.
603 1691 652 1699 —
707 1673 852 1709 Veneriis
866 1676 899 1707 in
924 1673 999 1708 bibl.
1017 1674 1123 1708 Marc.
1139 1676 1174 1708 in
1188 1682 1329 1721 quatuor
1353 1671 1453 1709 codd.
1469 1673 1580 1708 MSSt.
1594 1669 1666 1706 sunt
1680 1673 1745 1706 Iac.

114 1724 236 1772 Vir-ag.
263 1722 437 1771 Legendae
453 1725 559 1760 Ststor.
577 1736 607 1759 V.
624 1723 713 1759 catal.
733 1723 830 1759 codd.
847 1724 935 1760 latin.
951 1727 1058 1760 Mare.
1076 1737 1109 1773 p.
1127 1732 1194 1767 148.
1220 1734 1251 1758 et
1268 1738 1299 1772 p.
1320 1737 1388 1769 149.
1413 1728 1446 1759 in
1473 1724 1548 1760 cod.
1563 1723 1742 1761 CCCLVI.

114 1773 289 1825 Legendae
305 1775 410 1810 setor.
428 1772 524 1810 facile
538 1773 576 1809 ad
595 1772 684 1810 vsuni
702 1777 808 1813 chori.
841 1795 890 1802 —
943 1775 1023 1811 Ibid.
1046 1778 1130 1811 inter
1153 1774 1253 1811 codd.
1280 1778 1421 1811 Nanian.
1443 1778 1477 1811 111
1497 1775 1612 1822 lingua
1638 1774 1742 1808 italica

114 1825 253 1875 scriptos
268 1825 397 1875 aliquot
415 1825 577 1875 legendae
592 1840 752 1874 exopere
768 1830 832 1863 Iac.
850 1826 890 1862 de
907 1827 1094 1877 voragine,
1121 1827 1228 1863 italice
1244 1826 1362 1867 versae,
1387 1831 1419 1862 in
1436 1825 1510 1863 cod.
1526 1826 1659 1862 LXVII.
1677 1823 1743 1860 vid.

42 1874 45 1878 ¹
116 1878 155 1914 cl.
174 1878 305 1914 Mor-elli
324 1888 384 1912 cat.
401 1876 500 1922 codd.
518 1880 604 1914 Nan.
620 1878 729 1914 italice
744 1877 939 1928 scriptorum
958 1895 987 1928 p.
1006 1882 1058 1919 68.
1077 1877 1122 1927 sq.
1151 1899 1199 1905 —-
1252 1881 1437 1914 Florentiae
1452 1882 1484 1914 in
1508 1877 1583 1913 bibl.
1604 1876 1744 1914 monast.

112 1931 145 1965 b.
161 1931 307 1974 Mariae,
331 1930 393 1964 Iac.
413 1930 450 1964 de
467 1930 592 1978 Vorcig.
612 1931 790 1966 Sermones
808 1930 830 1967 s.
849 1933 1055 1967 vitaeScior.
1081 1928 1201 1965 diuisae
1225 1944 1287 1979 pro
1306 1930 1446 1980 siugulis
1470 1929 1647 1965 mensibus.
1676 1926 1742 1967 vid,

111 1981 297 2026 Mmtsauc,
314 1979 393 2019 diar.
414 1980 478 2019 ital,
499 1995 530 2030 p,
552 1993 622 2025 372.
653 2001 697 2008 —-
753 1983 862 2018 Paris.
886 1985 918 2017 in
937 1983 1014 2017 bibl.
1032 1982 1123 2030 publ.
1152 1986 1284 2032 triginta
1301 1994 1331 2018 et
1350 1995 1494 2032 quatuor
1512 1980 1610 2020 codd,
1627 1982 1740 2017 MSSt.

107 2031 200 2074 sunt,
228 2035 284 2082 qui
301 2035 474 2068 continent
494 2034 562 2069 illas
580 2032 767 2082 Legendas,
796 2038 872 2069 etin
892 2032 1010 2083 septem
1028 2033 1125 2070 codd.
1144 2033 1215 2069 sunt
1235 2037 1299 2069 Iac.
1319 2034 1358 2069 de
1374 2037 1544 2081 Voragine
1562 2032 1740 2072 sermones,

108 2098 141 2120 v.
162 2083 260 2119 indic.
277 2083 316 2119 ad
332 2093 392 2119 cat.
408 2083 507 2119 codd.
524 2085 611 2120 illius
630 2085 705 2120 bibl.
723 2095 806 2120 tom.
823 2089 879 2122 IV.
905 2099 936 2133 p.
955 2088 1055 2122 LXV.
1081 2095 1115 2121 vt
1137 2086 1276 2121 aliarum
1293 2089 1548 2135 praetermittam
1568 2084 1740 2120 bibliothe-

106 2149 222 2226 ¹carum
245 2136 426 2222 caJalogos.
479 2134 566 2172 Add.
588 2136 744 2173 Biblioth.
766 2134 884 2174 seledia
903 2138 975 2173 hist.
1000 2136 1248 2180 ecclesiasticae,
1283 2139 1398 2175 Venet.
1415 2139 1508 2180 1776.
1530 2143 1560 2176 8.
1582 2149 1656 2186 pag.
1673 2146 1741 2181 193.

121 2202 172 2238 eq.
204 2189 280 2224 Har
295 2214 304 2222 .

2 2291 136 2328 Ioannis
161 2291 393 2342 Tinmutlzensts
421 2291 566 2328 Historia
587 2305 683 2327 aurea
706 2306 734 2331 a,
754 2294 845 2335 1360.
871 2290 986 2341 scripta
1009 2305 1025 2336 3
1042 2291 1223 2342 grandibus
1249 2291 1475 2328 voluminibus
1499 2293 1573 2327 MS.
1599 2292 1631 2325 in
1659 2289 1747 2327 bibl.-

101 2343 343 2382 Lambethana,
371 2352 402 2378 et
418 2344 659 2393 Sandilogium
675 2345 857 2379 Britanniae
874 2346 947 2379 MS.
966 2358 1041 2380 cum
1058 2345 1290 2394 supplemento
1310 2347 1341 2379 iu
1367 2343 1443 2378 bibl.
1458 2343 1602 2393 Collegii
1620 2354 1738 2390 corpo-

101 2397 146 2433 xis
159 2395 281 2432 Christi
295 2393 383 2446 apud
397 2394 700 2446 cantabrigienses,
727 2406 758 2432 et
775 2398 808 2432 iu
826 2398 1040 2484 Cottonizpa.
1094 2399 1144 2433 Ex
1165 2398 1232 2434 hoe
1249 2395 1455 2446 Sandtilogio
1478 2396 1581 2433 multa
1604 2393 1644 2430 ad
1656 2407 1737 2482 bver·

965 2492 970 2497 ι
1027 2459 1045 2493 3
1678 2457 1737 2482 um
