2023 2656
77 115 142 142 voi.
156 114 234 142 vm.
251 117 321 161 Ψ,
601 115 652 152 m
676 115 825 153 ToMo
845 92 880 155 ἰ.
905 110 979 151 ED.
1006 115 1233 152 GARNERu
1421 106 1710 157 manante
1761 129 1801 162 23

172 209 289 246 hendit
309 211 374 245 Iac.
392 209 527 252 Billius,
555 222 640 259 quae
660 212 695 245 in
710 208 876 245 Poss‘euini
891 207 1049 258 adparatu
1073 207 1206 258 possunt
1227 206 1340 245 videri.
1392 211 1510 260 Longe
1530 211 1626 260 plura
1646 215 1802 249 Ducaeus

175 271 207 298 et
228 271 310 297 tom.
326 263 367 296 11.
386 260 492 297 Basilii
512 260 658 297 recensiti
678 260 909 297 Combeflfius.
961 263 1036 296 lani
1052 262 1203 298 Comzarii
1227 264 1450 309 interpretatio
1467 266 1614 312 quinque
1633 264 1801 300 librorum

169 313 294 363 legitur
310 315 344 348 in
361 311 506 348 editione
518 312 617 348 latina
632 311 803 348 Bafileenfi
821 327 848 351 a.
865 324 949 358 1552.
966 310 1028 347 fol.
1081 315 1235 361 Denique
1251 326 1328 348 cum
1345 313 1495 348 versione
1508 312 1561 348 sua
1579 325 1640 350 tres
1655 326 1686 350 et
1701 329 1796 365 quar-

171 374 241 400 tum
265 374 410 400 extrema
433 373 523 412 parte
546 373 700 399 truncum
723 363 871 412 vulgauit
900 365 1082 400 Theodorus
1102 366 1195 399 Besa
1217 363 1377 400 adiunctis
1404 364 1570 400 Athanasii
1593 365 1734 414 dialogis
1756 370 1802 402 V..

130 429 134 431 ·
171 415 212 452 de
228 417 414 461 Trinitate‚
441 414 596 451 Anastasii
619 425 650 450 et
665 415 790 461 Cyrilli
806 416 1018 464 explicationi
1036 415 1111 450 fidei
1131 425 1162 450 et
1177 415 1381 457 Phoebadio,
1407 427 1495 460 1570.
1515 422 1546 455 8.
1564 416 1655 465 apud·
1667 419 1712 452 H.
1731 420 1798 452 Ste-

166 469 326 519 phanum.
380 469 420 502 In
437 469 522 501 tertii
539 466 615 502 libri
630 465 770 502 exordio
789 466 916 508 locum,
943 468 1100 502 aGraecis
1115 472 1321 514 corruptum,
1340 467 1796 515 notauitPoffiuinassbiblio-

171 520 282 554 thecae
298 517 435 554 selectae
448 520 506 553 VI.
526 519 573 552 15.
593 527 624 552 et
638 517 784 554 Allatius
800 516 840 552 de
854 517 1065 567 processione
1082 520 1221 565 Spiritus
1236 519 1267 553 S.
1286 521 1390 567 capite
1407 531 1460 554 20.
1475 532 1507 567 p.
1525 531 1580 563 114
1599 519 1661 569 seq.
1703 522 1794 555 Con-

169 567 221 606 fer
236 570 391 605 Iohannis
410 570 502 605 Vecci
517 572 621 617 capita
635 569 675 604 de
699 567 908 617 proceffione
923 572 1062 617 Spiritus
1082 571 1112 604 S.
1130 572 1164 604 in
1180 579 1274 604 tomo
1294 572 1317 605 I.
1341 573 1497 606 Graeciae
1513 569 1724 606 orthodoxae
1741 571 1795 607 Al-

167 621 236 658 latii
261 633 334 669 pag.
356 631 414 665 225
437 618 501 670 seq.
527 622 628 659 Fabr,
680 622 828 668 Quinque
847 620 923 656 libri
945 619 1019 656 sunt
1043 623 1078 656 in
1099 620 1175 656 cod.
1203 622 1343 657 Vindob.
1369 621 1482 657 caesar.
1500 624 1617 660 LXIII.
1641 636 1689 657 nr.
1715 634 1741 666 3.
1764 633 1795 657 et

166 674 379 709 LXXXVIII.
395 686 445 707 nr.
462 684 492 706 2.
514 672 675 716 (Lambec.
691 675 751 708 ΙΙΙ.
767 685 843 721 pag.
860 685 935 717 290.
954 682 986 707 et
999 674 1089 717 475.)
1119 692 1167 699 ·-—
1221 675 1261 707 In
1278 673 1348 712 vol,
1364 676 1404 709 V.
1424 673 1497 710 cod.
1516 675 1682 709 CCLVII.
1696 688 1745 710 nr.
1763 679 1794 713 8⁷.

171 724 216 760 est
236 723 420 765 cardinalis,
437 722 642 770 Bqffiwimzis,
658 722 699 758 ad
716 723 809 759 Alex.
827 723 989 760 Lascarim
1007 723 1142 772 epistola
1162 723 1202 759 de
1216 723 1426 772 processione
1441 727 1578 773 Spiritus
1594 727 1626 760 S.
1650 722 1752 767 (edita
1776 739 1794 760 a

168 777 264 812 Petro
281 774 430 811 Arcudio
448 788 498 823 gr.
519 788 597 810 cum
611 772 735 824 duplici
754 777 1026 824 interpretatione
1041 775 1097 811 lat.
1120 788 1197 810 cum
1215 773 1378 823 opusculis
1402 776 1601 825 theologicis
1616 779 1701 811 circa
1718 789 1793 825 pro·

167 826 346 863 ceffionem
360 828 444 875 Spir.
461 828 491 861 S.
507 828 638 862 Romae
648 829 675 871 ς)
704 827 797 876 quod
819 824 1039 875 opusculum,
1067 828 1188 863 Kollnr.
1206 827 1248 862 ad
1263 828 1378 863 Lamb.
1395 841 1518 863 comm.
1533 831 1574 863 V.
1590 841 1624 876 p.
1640 830 1712 871 367.
1733 831 1794 863 mi-

168 889 275 919 ratur,
304 891 375 913 non
392 875 581 913 consultum
595 875 689 914 fuisse
711 893 728 913 a
743 881 918 920 Garnerio,
943 876 986 914 ad
1007 877 1243 928 corrigendum
1257 879 1373 915 locum
1389 881 1422 914 in
1436 878 1528 914 Bafil.
1547 888 1662 914 contra
1680 881 1792 915 Euno-

167 933 273 966 mium
289 929 376 965 libro
388 932 448 964 III.
465 942 497 978 p.
515 940 587 972 277.
604 926 784 980 ἀξιώματι
800 930 858 977 μὲν
875 930 954 981 γάρ.
967 940 1026 965 etc.
1037 944 1157 979 quem,
1188 930 1316 966 Kollar..
1330 928 1521 971 contendit.
1549 933 1584 965 in
1603 934 1795 967 recentiori-

167 983 226 1018 bus
244 979 342 1029 codd.
356 994 373 1015 a
387 980 733 1030 graecislschismaticis
749 979 844 1018 fuisse
861 992 1070 1030 corruptum,
1098 992 1128 1017 et
1148 981 1242 1029 plura
1261 985 1295 1016 in
1310 984 1396 1017 hanc
1414 996 1482 1017 rem
1499 979 1651 1029 disputat.
1676 1001 1726 1009 ·——
1754 984 1794 1018 In

166 1032 243 1069 eod.
261 1034 377 1067 XCIX.
387 1045 445 1067 nr.
462 1042 493 1074 4.
511 1030 589 1078 ‘sunt
604 1031 672 1068 duo
690 1031 873 1082 fragmenta
891 1046 931 1068 ex
941 1045 1043 1080 opere
1059 1030 1182 1067 aduers.
1198 1035 1404 1068 Eunomium
1420 1033 1495 1068 libri
1509 1036 1549 1069 V.
1566 1047 1596 1067 v.
1612 1035 1735 1069 Kolsar.
1759 1036 1794 1068 in

165 1083 325 1133 supplem.
340 1081 381 1117 ad
398 1084 512 1118 Lamb.
528 1095 652 1118 comm.
667 1097 744 1132 pag.
759 1086 836 1125 624.
862 1102 912 1109 -—
939 1086 979 1117 In
994 1081 1071 1118 cod.
1085 1085 1158 1116 XII.
1174 1084 1357 1132 Mosqzmfi
1371 1081 1525 1131 fragmm.
1546 1098 1586 1119 ex
1603 1084 1711 1119 Bafflii
1731 1094 1794 1120 ter·

166 1138 215 1180 tio
235 1135 309 1170 libr.
328 1135 497 1169 antirrhet.
519 1146 560 1168 ex
578 1146 679 1181 opere
693 1133 733 1169 ad
751 1131 968 1183 Amphiloch.
991 1143 1022 1168 et
1037 1146 1092 1182 op.
1109 1130 1260 1168 aduersus
1279 1136 1486 1169 Eunomium
1502 1143 1563 1169 etc.
1585 1148 1613 1169 v.
1630 1136 1794 1171 Matthaei

164 1189 260 1223 notit.
277 1183 376 1223 codd.
395 1183 587 1233 Mosquens.
606 1198 680 1233 pag.
697 1197 742 1225 21,
770 1206 820 1233 ⁸¹,-
849 1187 887 1220 In
903 1182 979 1220 cod.
997 1184 1128 1221 Coislin.
1145 1187 1244 1220 CXX.
1259 1182 1320 1220 fol.
1338 1196 1368 1228 4.
1387 1199 1426 1221 ex
1440 1185 1529 1220 libro
1547 1196 1663 1222 contra
1678 1188 1793 1222 Euno-

163 1241 272 1274 mium
287 1234 328 1270 de
342 1237 520 1270 Trinitate.
540 1249 570 1274 ν.
586 1238 769 1283 Montfimc.
786 1236 866 1272 bibl.
881 1236 1022 1272 Coislin.
1041 1250 1115 1285 pag.
1134 1248 1200 1282 193.
1215 1247 1312 1286 atque
1327 1237 1403 1272 alibi
1422 1240 1454 1272 in
1469 1236 1539 1271 aliis
1558 1236 1656 1273 codd.
1674 1241 1794 1276 msstis,

163 1308 213 1318 ——
241 1290 279 1323 In
296 1288 400 1323 chr.
417 1286 499 1324 Cani
511 1289 534 1322 ti
548 1289 699 1325 Lecstion.
714 1292 816 1337 antiq.
831 1297 887 1323 aut
900 1286 1076 1323 Thesauro
1095 1298 1396 1324 monumentorum
1412 1286 1525 1324 eccles.
1541 1297 1572 1324 et
1586 1289 1698 1324 histor.
1715 1303 1795 1325 cura-

164 1342 229 1379 Iac.
244 1340 398 1387 Basnage
415 1348 499 1377 tom.
515 1339 543 1374 Ι.
565 1353 615 1375 nr.
630 1343 660 1375 6.
678 1354 710 1389 p.
730 1342 790 1386 169
805 1338 877 1389 sqq.
896 1338 970 1375 sunt
984 1339 1096 1381 latine,
1120 1341 1232 1390 Bastlii
1246 1342 1298 1375 M.
1315 1343 1454 1376 rationes
1473 1337 1693 1389 syllogisticae
1710 1354 1795 1376 cou-

165 1402 212 1428 tra
229 1393 369 1428 Arianos
387 1410 432 1417 —
454 1393 587 1439 interpr.
604 1393 655 1428 Er.
678 1393 871 1433 Tumiano,
898 1400 931 1426 et
946 1391 1107 1440 particula,
1122 1394 1231 1441 operis
1252 1401 1366 1428 contra
1379 1394 1605 1434 Eunomium,
1632 1389 1725 1441 quod
1743 1394 1792 1427 in-

163 1445 313 1494 genitum
321 1455 393 1478 non
405 1440 624 1485 substantiam,
652 1440 707 1479 sed
726 1439 889 1492 ὕπαρξιν,
916 1446 937 1477 i.
955 1456 981 1478 e.
998 1442 1215 1484 existentiam.
1232 1441 1381 1479 declaret.
1436 1446 1626 1492 Sequuntur
1640 1455 1713 1492 pag.
1723 1455 1792 1486 223.

161 1494 232 1544 sqq.
257 1490 452 1543 aflpendicis
469 1493 551 1530 loco
576 1508 676 1545 opera
694 1494 879 1546 quaedam,
908 1493 1028 1531 Bafilio
1047 1494 1223 1544 perperam'
1243 1493 1420 1546 adscripta:
1457 1493 1616 1532 adiuncto
1637 1496 1792 1531 Ezmomii

160 1558 274 1596 opere.
1340 1579 1341 1582 ,

61 1657 89 1686 2.
113 1645 212 1682 Duae
224 1638 385 1681 homiliae
401 1641 439 1676 de
453 1639 576 1687 opificio
591 1640 726 1677 hominis
742 1650 776 1678 et
790 1654 851 1678 vna
863 1642 900 1679 dc
908 1642 1086 1691 paradiso:
1112 1656 1187 1694 pag.
1204 1654 1262 1688 323
1277 1641 1347 1695 fi1q.
1361 1641 1403 1678 de
1416 1642 1533 1692 quibus
1553 1644 1621 1678 iam
1641 1649 1733 1678 antea
1749 1637 1793 1676 ad

162 1707 215 1732 nr.
231 1695 257 1728 1.
273 1691 488 1727 homiliarum
506 1696 635 1742 egimus
651 1694 792 1730 vberius.
1073 1698 1076 1702 ’

62 1791 92 1828 ὁ.
118 1786 292 1826 Homiliae
315 1788 349 1821 in
374 1787 494 1833 Psalm.
517 1790 606 1824 XIV.
623 1808 672 1816 —
690 1790 843 1827 XXVIII.
857 1792 1024 1828 XXXVII.
1045 1799 1077 1827 et
1092 1791 1197 1828 CXV.
1208 1801 1284 1839 pag.
1301 1801 1357 1835 352
1371 1787 1441 1840 RH.
1464 1787 1505 1825 de
1527 1789 1644 1839 quibus
1662 1800 1695 1827 v,
1710 1788 1791 1824 Gar-

164 1843 246 1876 nier.
270 1841 302 1872 in
324 1837 424 1885 praef.
441 1852 516 1888 pag.
529 1842 662 1876 XXXV.

64 1940 92 1972 3.
119 1926 372 1964 Commentarius
386 1921 597 1972 imperfeitus
614 1928 651 1961 in
662 1927 863 1973 prophetam,
886 1927 1030 1976 Esaiam.
1085 1930 1273 1977 Antequam
1290 1926 1332 1964 de
1347 1927 1410 1965 sslo
1429 1927 1527 1978 plura
1539 1925 1711 1967 adnotem,
1739 1937 1788 1965 ear·

164 1989 246 2027 quae
260 1975 382 2010 fabric.
402 1976 469 2018 (vbi
488 1975 532 2011 est
548 1990 599 2012 nr.
615 1978 662 2021 6.)
679 1976 814 2027 scripffl,
841 1980 896 2015 hic
912 1993 1052 2028 ponam:
1106 1981 1208 2020 Harl.

64 2082 150 2129 [VL]
175 2076 350 2129 Ἐρμηνεῖοι
362 2109 373 2123 ‚
400 2078 466 2114 siue
482 2080 532 2124 (vt
552 2081 636 2115 alius·
655 2080 762 2116 codex
779 2079 954 2122 Combef.)
971 2078 1129 2131 ἐξήγησις
1144 2085 1176 2116 in
1192 2083 1298 2119 XVI.
1313 2085 1418 2126 prima
1431 2084 1537 2128 capifu,
1557 2081 1687 2127 Esaiae,
1711 2091 1790 2125 pro·-

158 2134 286 2179 phetae..
333 2134 468 2167 Vertere
482 2135 593 2181 coepit
606 2132 782 2180 Erqum,
802 2131 857 2168 sed
872 2145 942 2168 non
957 2131 1145 2183 progressus
1157 2133 1204 2168 est
1218 2133 1301 2169 vltra
1314 2137 1540 2182 prooemium.
1554 2131 1647 2169 Bam.
1661 2143 1700 2219 lg:
1697 2140 1791 2217 13ὲέ

65 2301 186 2339 versus,
224 2300 386 2376 plrimiiffa
403 2300 586 2349 Belsarionis
612 2301 756 2346 epistola,
795 2304 828 2334 in
855 2301 923 2334 cod.
950 2302 1004 2335 lat.
1027 2303 1144 2336 Veneta
1170 2304 1266 2335 Marc.
1286 2304 1376 2336 XLV.
1404 2301 1475 2333 vide
1501 2309 1557 2334 cat.
1586 2300 1670 2332 latin.
1697 2298 1786 2331 codd.

64 2356 131 2389 pag.
155 2355 199 2383 23.
275 2353 344 2386 ar.
