2023 2656
197 174 260 209 450
312 162 386 200 Lib.
403 161 447 200 V.
465 172 489 196 c.
505 158 631 196 XXX.
779 159 788 167 ³
878 154 1133 192 THEODORI
1159 154 1397 191 STVDITAE

200 257 286 295 sexta
303 255 395 301 feria,
423 266 454 291 et
470 259 503 290 in
520 255 648 301 magnis
664 248 750 287 festis
765 253 864 286 totius
882 254 970 286 anni.
1025 249 1207 292 catechesi,
1237 259 1270 285 vt
1285 253 1329 285 ait
1347 246 1523 286 confodior
1538 258 1596 285 cat.
1614 247 1824 287 coddParis.
1835 263 1928 300 regg.

202 311 270 346 vol.
290 311 332 345 II.
357 322 388 357 p.
406 320 474 353 172.
500 309 619 354 cuique
634 303 818 353 praefixum
839 301 882 338 est
905 313 1159 351 argumentum,
1192 302 1303 337 iambo
1325 302 1539 338 monosticho
1557 301 1844 349 comprehensum.
1896 304 1930 338 Is

204 361 278 398 cod.
296 377 322 397 a.
341 363 421 397 Chr.
442 360 526 402 1136.
546 367 693 393 exaratus
711 356 754 392 est
772 368 871 391 manu
889 354 1012 390 Arsenii
1028 356 1207 396 monachi.
1238 364 1272 388 vt
1293 352 1358 403 ipse
1378 353 1521 389 versibus
1544 354 1689 390 iambicis
1706 357 1885 400 trimeti·i8‚
1912 367 1931 389 a

207 415 332 457 cangio
359 410 531 447 Constant.
561 408 682 445 Clu-ist.
707 408 762 444 lib.
786 418 816 451 4.
842 420 916 455 pag.
945 417 1008 451 152.
1045 404 1160 449 editis,
1205 404 1356 442 testatum
1379 407 1524 454 reliquit.
1559 425 1611 434 -—
1664 408 1749 442 Ibid.
1776 409 1809 442 in
1831 404 1933 442 codd.

206 452 439 503 DCfJCXCss.
462 474 492 497 et
509 461 641 498 MCIV.
668 458 813 509 praefixa
826 457 1007 494 Theodori
1027 460 1101 494 vita.
1127 478 1176 487 ——
1230 461 1269 493 In
1291 457 1391 494 codd.
1411 459 1591 500 Nanitmis,
1619 458 1772 507 (praeter
1791 458 1936 494 cateche-

208 522 289 553 ticos
313 516 478 552 sermones
502 527 541 548 ex
566 512 717 560 catalogo
739 509 832 559 supra
855 508 895 545 ad
921 523 970 545 nr.
990 520 1033 554 15.
1060 512 1125 546 iam
1147 511 1303 554 citaret.)
1336 513 1422 546 LXI.
1444 512 1500 558 qui
1524 511 1674 546 continet
1691 513 1802 560 primo
1819 511 1938 559 viginti

211 570 288 605 duas
305 566 481 604 catecheses
495 562 632 600 Theod.
656 575 726 599 tum
753 564 828 598 alias
854 560 1009 597 ducentas
1037 565 1168 612 triginta
1194 564 1225 597 S.
1247 562 1370 597 abbatis
1395 562 1602 602 continebat,
1646 575 1784 611 quarum
1808 561 1937 610 aliquae

211 635 299 657 nunc
316 618 447 655 desunt:
474 615 642 665 (singulas
660 624 768 650 curate
788 612 929 649 recenset
946 614 1132 663 IIIiizgarell.
1155 617 1187 649 in
1212 614 1304 649 catal.
1327 612 1425 650 codd.
1446 626 1496 663 gr.
1517 615 1602 649 Nan.
1624 626 1697 663 pag.
1715 616 1880 662 68-87.)
1905 621 1938 648 et

212 675 371 710 LXXXV.
395 674 427 707 in
444 682 511 719 quo
527 674 578 707 28.
606 665 783 702 catecheses
799 668 831 700 in
849 678 1005 715 graecum
1027 666 1242 702 vernaculum
1265 662 1449 701 sermonem
1471 663 1646 701 conuersae
1670 664 1752 704 sunt.
1789 685 1841 692 —-
1895 665 1939 699 ln

214 723 289 762 cod.
311 725 445 759 Tam-in.
465 721 693 756 CCCXXVII.
710 729 741 753 et
757 719 871 754 audior
885 716 977 756 catal.
993 715 1092 753 codd.
1110 731 1158 767 gr.
1177 718 1283 752 Taur.
1304 730 1337 765 p.
1351 727 1526 761 405-410.
1554 715 1759 767 singularum
1776 727 1808 752 et
1825 715 1938 752 titulos

215 785 246 812 et
265 778 354 812 initia
370 773 527 822 reposuit,
556 782 651 820 atque
678 768 881 808 obseruauit,
915 769 1033 804 multas
1059 767 1093 804 iu
1114 772 1179 804 hoc
1202 768 1311 804 indice
1333 781 1525 810 occurrere,
1553 780 1691 816 quarum
1714 768 1841 805 nullam
1862 765 1941 803 fecit

215 829 377 865 Fabricius
395 827 616 863 mentionem,
643 831 675 856 et
697 834 774 869 quas
793 819 911 869 procul
934 819 1037 856 dubio
1064 820 1201 855 ineditas
1224 818 1287 856 effe
1309 830 1400 870 putat
1423 821 1556 855 auctor:
1595 819 1750 870 idemque
1770 817 1939 860 indicauit,

220 892 378 928 quaenam
402 881 434 911 in
460 873 535 910 edit.
559 873 657 909 latina
683 875 748 907 iam
772 873 883 908 lucem
905 872 1068 920 publicam
1090 871 1317 921 adspexerunt.
1351 889 1402 898 —-
1459 873 1614 920 IVIosquae
1645 875 1681 908 in
1708 870 1784 908 cod.
1815 869 1939 918 synod.

219 930 399 968 CCCLXI.
422 924 598 963 catecheses
616 926 684 960 126.
712 943 760 951 —
788 926 823 959 in
837 922 912 959 cod.
932 925 1127 960 CCCLXII.
1150 927 1185 959 in
1201 937 1270 973 quo
1285 922 1445 973 quaedam
1460 923 1673 968 exciderunt3
1712 924 1792 960 aliae
1818 931 1941 966 autem,

220 995 304 1034 quae
320 985 353 1016 in
370 979 537 1028 superiore
551 976 792 1018 desiderantur,
815 973 1035 1020 accesserunt3
1063 986 1094 1011 et
1113 978 1146 1011 in
1161 975 1239 1011 cod.
1257 976 1466 1012 CCCLXIII.
1489 977 1524 1010 in
1543 987 1611 1024 quo
1634 973 1706 1012 sunt
1724 986 1778 1020 74.
1799 977 1943 1024 priores,

222 1046 305 1086 quae
323 1036 354 1068 in
370 1030 445 1067 cod.
461 1031 638 1068 CCCLXI.
660 1027 835 1076 leguntur3
863 1027 945 1063 inest
968 1040 1103 1077 quoque
1125 1026 1298 1064 catechesis
1313 1033 1364 1067 28.
1397 1040 1460 1077 qua
1482 1025 1557 1062 cod.
1573 1027 1750 1066 CCCLXI.
1774 1035 1878 1070 caret,
1911 1033 1944 1060 et

191 1126 193 1130 y
222 1086 296 1138 post
309 1081 491 1120 catechesin
509 1083 562 1126 69.
591 1079 706 1116 inserta
725 1079 769 1114 esi
786 1078 866 1119 alia,
895 1086 977 1128 quae
991 1082 1126 1128 incipit:
1159 1074 1307 1128 ἀδελφοὶ
1322 1094 1379 1126 'wey'
1395 1079 1568 1127 πατέρες,
1589 1074 1646 1123 ἤδη
1662 1075 1749 1130 neo}
1766 1077 1876 1122 αὐτὴν
1900 1079 1946 1115 ε’ς·

224 1140 294 1186 μέν.
321 1150 351 1171 v.
368 1135 533 1171 Matthaei
551 1135 657 1168 Notit.
680 1144 711 1180 p.
728 1142 800 1176 239.
814 1127 858 1178 sq.
882 1130 933 1165 ed.
951 1133 983 1167 in
999 1137 1029 1170 8.
1055 1150 1107 1158 —
1159 1131 1295 1167 Matriti
1318 1135 1352 1167 in
1372 1129 1446 1166 eod.
1471 1133 1562 1179 regio
1580 1133 1639 1168 IV.
1670 1130 1710 1167 de
1731 1142 1800 1181 quo
1827 1131 1946 1166 Iriarte

224 1196 257 1227 in
273 1187 364 1230 catal.
381 1184 479 1224 codd,
497 1198 547 1234 gr.
564 1186 690 1221 Matrit.
712 1196 743 1231 p.
761 1194 857 1227 5-19.
887 1180 956 1218 fuse
980 1181 1222 1231 diligenterque
1244 1181 1405 1232 exposuit.
1454 1183 1678 1219 Continentur
1695 1184 1776 1219 ve'ro
1796 1183 1946 1231 inprimis

225 1238 363 1279 Theod.
388 1235 534 1273 Studitne
555 1232 734 1272 catecheses
749 1236 897 1272 CLXIII.
928 1236 961 1270 in
981 1234 1083 1271 libros
1100 1236 1141 1270 11.
1167 1233 1371 1276 distributae,
1405 1245 1545 1284 quarum
1568 1233 1679 1271 titulos
1702 1243 1734 1270 et
1754 1235 1847 1270 initia
1867 1244 1945 1269 cum

227 1305 338 1330 earum
356 1290 455 1325 titulis
473 1298 504 1323 et
518 1290 617 1324 initiis
631 1287 792 1329 contulit,
818 1296 896 1335 quas
914 1289 950 1322 in
965 1285 1043 1322 bibl.
1059 1285 1254 1322 Coislinian.
1273 1285 1372 1322 codd.
1388 1286 1561 1322 CCLXXI.
1577 1296 1608 1323 et
1630 1285 1824 1323 CCLXXII.
1845 1281 1946 1320 refert

226 1340 465 1382 Montsaucon.
481 1339 595 1375 titulos
612 1350 694 1372 vero
711 1347 838 1372 tantum
851 1349 926 1372 cum
941 1336 1042 1373 titulis
1063 1336 1253 1373 sermonum
1265 1364 1274 1378 ‚
1309 1350 1454 1387 quorum
1479 1334 1619 1373 indicem
1640 1338 1772 1374 exhibet
1793 1333 1948 1384 ampliffi-

226 1409 320 1432 mum
337 1394 508 1430 Fabricius,
559 1391 727 1425 Praeterea
742 1387 897 1429 adnotat,
923 1400 1004 1438 quae
1022 1387 1179 1437 singulae,
1207 1402 1291 1438 quae
1305 1389 1429 1424 multae
1446 1386 1530 1430 sunt,
1558 1387 1782 1425 desiderentur
1797 1390 1832 1423 in
1848 1384 1949 1423 codd.

228 1447 389 1484 Coislin„
418 1454 449 1480 et
468 1455 542 1491 pag.
558 1447 589 1481 8.
616 1438 865 1481 animaduertit,
893 1452 1009 1475 omncs
1024 1443 1121 1489 primi
1139 1440 1212 1474 libri
1228 1440 1406 1476 catecheses
1422 1438 1527 1475 abesse
1550 1441 1589 1475 ab
1613 1440 1722 1476 indice
1741 1439 1947 1479 fabriciano,

229 1512 290 1535 nec
303 1496 404 1532 vllam
420 1506 550 1533 earum,
580 1504 685 1540 neque
705 1504 820 1540 graece
836 1503 942 1537 neque
959 1489 1078 1532 latine,
1110 1493 1199 1539 typis
1221 1490 1261 1526 ad
1282 1494 1372 1529 hunc
1396 1490 1483 1526 diem
1505 1490 1682 1539 prodiisse-3
1715 1504 1748 1540 p.
1773 1501 1881 1526 autem
1899 1496 1947 1530 18.
1999 1513 2000 1517 =

225 1553 289 1591 ait,
315 1548 390 1584 libri
405 1542 537 1583 secundi
555 1541 721 1579 sermones
736 1542 912 1578 CXXXIV.
938 1539 1001 1577 dici
1016 1541 1197 1578 catechefin
1215 1556 1361 1592 paruam.
1396 1562 1446 1569 —-
1500 1542 1551 1578 Ad
1572 1546 1630 1580 has
1652 1539 1830 1583 catecheses
1850 1543 1948 1591 perti-

229 1610 326 1642 nent,
353 1603 387 1635 ni
403 1596 519 1637 fallor,
544 1604 640 1630 oratt.
656 1607 738 1643 quae
752 1592 825 1630 suut
842 1595 875 1629 in
892 1591 991 1630 codd.
1008 1595 1118 1631 Paris.
1133 1594 1210 1629 bibl.
1226 1594 1316 1643 publ.
1346 1608 1378 1630 n.
1404 1596 1439 1630 in
1462 1593 1716 1635 cod.Dchv.
1741 1608 1790 1630 nr.
1803 1605 1852 1629 21.
1876 1605 1948 1628 ora-

228 1656 275 1688 tio
293 1651 400 1686 habita
417 1653 449 1685 in
466 1646 576 1696 vigilia
592 1645 779 1682 sanctorum
794 1644 979 1681 luminum:
1007 1646 1081 1684 Τὲὂν
1106 1643 1231 1693 φώτων
1255 1642 1306 1685 τοὶ
1327 1643 1529 1696 maurinam
1563 1659 1612 1682 nr.
1628 1658 1755 1682 20.·0r.
1775 1645 1884 1681 habita
1910 1646 1947 1679 in

229 1703 339 1753 vigilia
354 1702 466 1738 natalis
484 1698 623 1734 Christi:
640 1701 689 1743 Μ’)
722 1697 776 1736 T&
790 1695 976 1745 παμφοὶες
995 1697 1166 1747 φωςῆςος·
1194 1710 1242 1734 or.
1259 1701 1294 1734 in
1307 1697 1537 1734 adorationem
1551 1695 1677 1734 soteros
1692 1695 1812 1738 nostri,
1840 1695 1948 1731 habita

229 1754 307 1791 scria
323 1764 433 1804 quarta
448 1748 734 1800 quadragesimae:
764 1746 1011 1795 dyoch'txtoc'ersws·
1025 1766 1085 1800 219‘!
1101 1747 1319 1799 σωφροσύνης
1331 1750 1393 1798 ἦμέ
1415 1765 1476 1789 occ:
1498 1753 1532 1785 in
1541 1748 1840 1797 cod.DCCCXV1.
1856 1760 1905 1782 nr.
1917 1759 1948 1790 7.

227 1805 400 1843 catechesis
427 1806 467 1839 de
490 1800 653 1838 imitandis
675 1800 795 1836 Christi
817 1799 1037 1850 passionib'u'k‚
1072 1811 1173 1840 etur,
1189 1807 1218 1841 8.
1241 1799 1281 1836 dc
1305 1802 1400 1838 Chris
1416 1805 1498 1837 ianis
1520 1804 1555 1836 in
1579 1801 1731 1850 Bulgaria
1750 1797 1949 1848 interfectis:

227 1880 279 1887 ..-
306 1862 339 1893 in
354 1855 428 1893 cod.
441 1853 764 1889 DCCCLX'XXVII.
788 1866 836 1888 nr.
855 1864 883 1888 2.
911 1850 952 1887 de
967 1846 1154 1889 Trinitate:
1180 1872 1229 1879 —
1255 1856 1289 1888 in
1302 1851 1376 1888 cod.
1391 1854 1612 1892 MCLXXXI.
1636 1856 1670 1888 in
1685 1849 1886 1902 adpendice,
1911 1852 1948 1886 in

226 1910 367 1947 naealem
385 1910 417 1944 b.
433 1908 566 1955 virginis
579 1907 717 1941 Mariae.
756 1924 802 1931 --
855 1907 895 1940 ln
915 1902 988 1940 cod.
1004 1905 1198 1941 MODXCI.
1221 1918 1270 1940 nr.
1287 1917 1334 1940 12.
1361 1905 1405 1940 est
1428 1908 1496 1940 eius
1518 1907 1628 1940 oratio
1654 1901 1800 1940 funebris
1824 1905 1859 1939 in
1879 1914 1948 1938 ma-

228 1973 311 1998 trem
325 1960 426 1997 suam.
453 1978 503 1984 —-
531 1957 707 1992 Subiiciam
725 1958 825 2004 igitur
845 1969 881 1991 ea
897 1969 980 2005 quae
998 1957 1123 1993 Fabi-ic.
1139 1956 1311 2006 quondam
1329 1960 1363 1994 in
1381 1957 1447 1992 vol.
1461 1959 1535 1992 XII.
1563 1955 1706 1994 dederat.
1732 1955 1832 1993 Harl.

391 2062 514 2098 Nactus
529 2057 618 2098 sum,
646 2061 687 2094 ait
704 2059 888 2100 Fabricius,
916 2042 1087 2102 codicem,
1116 2060 1171 2109 qni
1191 2059 1276 2095 olim
1296 2056 1359 2095 suit
1372 2060 1537 2106 Rudofivlzi
1551 2059 1671 2106 Capelli
1687 2057 1789 2095 nostri
1811 2057 1860 2097 τέ
1877 2072 1945 2106 μοι·

226 2117 371 2166 χαξίτε,
400 2115 433 2149 in
449 2125 516 2162 quo
535 2107 713 2147 catecheses
728 2110 926 2155 Theodori,
952 2109 1075 2146 laudati
1094 2110 1220 2159 capelli
1243 2124 1343 2147 manu
1366 2109 1562 2160 descriptae,
1596 2121 1628 2146 et
1653 2123 1769 2162 graece
1790 2109 1946 2145 haetenus

224 2167 380 2208 ineditae,
409 2173 587 2200 occurrunt
611 2176 674 2199 vna
697 2173 729 2198 et
755 2165 1007 2212 quinquaginta.
1066 2165 1287 2199 Praemittitur
1306 2172 1417 2200 autem
1439 2161 1541 2200 index
1561 2160 1754 2200 sermonum
1777 2160 1945 2197 CCXVII.

1829 2211 1948 2262 quibus

264 2335 329 2376 nn)
350 2337 394 2367 Est
417 2345 538 2377 quoqne
559 2335 591 2364 in
614 2332 682 2364 cod.
701 2333 877 2375 Taurinenfi
891 2334 976 2364 LXX.
993 2344 1060 2364 cnm
1105 2334 1209 2374 quaeri
1228 2333 1260 2363 in
1281 2332 1424 2366 biblioth.
1453 2332 1573 2368 Oudini
1599 2340 1630 2365 et
1657 2333 1808 2371 Fabricii,
1824 2374 1827 2377 ἱ
1842 2331 1945 2364 obser·

222 2379 328 2409 titulo:
350 2377 456 2419 firmo
481 2379 512 2408 in
535 2378 595 2409 SS.
615 2381 743 2416 patres,
774 2385 803 2407 et
829 2375 985 2406 confector
1001 2386 1058 2407 cat.
1104 2384 1162 2408 vat.
1186 2376 1280 2409 Harl.

221 2422 310 2453 codd.
328 2432 374 2460 gr.
390 2423 520 2452 Tmzr'm.
535 2432 563 2463 p.
580 2430 643 2459 174.
667 2419 774 2451 frustra
790 2421 871 2451 hunc
887 2419 1057 2451 sermonem
