2023 2656
33 161 185 190 v0!.vm.
201 167 229 196 ι’·
243 162 294 194 691
345 158 517 196 CAPITA
534 157 770 196 LOCORVM
784 155 1090 197 COMMVNIVM
1103 159 1133 195 S.
1149 159 1326 198 MAlei
1353 160 1475 198 Liby.
1485 161 1637 198 e.XXV.
1689 172 1757 208 599

136 255 179 293 de
204 268 271 304 rep.
297 252 640 291 Lacedaemoniorum
673 252 823 302 vulgauit
852 254 1005 289 Nicolaus
1031 252 1189 302 Cragius,
1243 254 1369 289 Geneu.
1399 263 1490 299 1593.
1521 257 1558 290 in
1580 260 1612 294 8.
1644 252 1754 302 Lugd.

131 310 200 344 Bat.
235 308 332 350 1670.
358 308 394 341 in
426 311 459 345 8.
501 303 589 340 vnde
619 302 729 340 recusa
759 307 858 340 etiam
889 304 1014 340 exstant
1042 307 1079 340 in
1112 302 1266 341 thesauro
1299 307 1532 353 antiquitatum
1559 317 1752 355 graecarum

131 360 355 395 Gronouiano
379 365 464 393 tom.
489 358 552 393 VI.
582 369 617 405 p.
644 361 733 400 384¹.
759 354 837 391 ibid.
865 369 896 391 a.
923 357 1020 401 1699.
1046 353 1110 392 fol.
1644 367 1646 370 ’

30 449 91 495 [In
125 444 219 480 Rich.
249 443 367 479 manc.
401 441 489 478 Phil.
521 440 656 477 Brunck
682 443 839 490 gnomicis·
862 442 970 488 poetis
1000 441 1127 489 graecis
1149 449 1212 478 etc.
1243 442 1474 491 Argentorati‚
1508 448 1602 484 1784.
1631 452 1679 478 12.
1712 453 1755 477 ex

130 494 228 531 altera
253 503 345 543 parte
376 491 455 529 edit.
487 502 664 542 poetarum
698 494 871 527 minorum
890 505 998 541 graec.
1025 490 1197 541 Radulphi
1223 495 1450 533 Wintertoni‚
1484 491 1637 529 Cantabr.
1662 494 1754 535 ¹677-

131 545 335 583 emendatius
349 545 541 593 audtiusque
556 544 696 590 repetitis
713 552 744 579 et
759 542 936 588 illustratis,
951 542 1055 578 multa
1066 542 1148 586 sunt,
1163 557 1205 580 ex
1219 544 1350 580 Stobaei
1365 543 1548 592 Florilegio
1564 546 1674 586 petita,
1693 540 1756 577 fra-

129 607 281 647 gmenta;
332 607 416 645 quae
455 600 514 636 (vt
537 593 667 629 Brunck
693 596 728 628 in
754 591 859 641 praes.
882 607 958 644 pag.
985 597 1027 630 V.
1052 597 1119 636 ait)
1177 597 1293 630 omnia
1335 593 1377 630 ad
1409 592 1568 643 scriptum
1600 592 1753 629 codicem

128 649 283 687 biblioth,
307 648 416 694 regiae
440 644 607 689 (Parifin.)
631 643 753 680 collata
773 644 883 693 longe
909 642 1131 691 emendatius,
1181 659 1282 695 quam
1307 655 1420 687 antea,
1473 648 1509 681 in
1541 646 1610 680 hoc
1635 643 1752 680 libello

130 700 337 736 exhibentur.
388 696 545 732 Brunckii
569 695 728 732 lectiones
755 709 794 731 ac
818 699 1018 731 mutationes
1050 705 1118 731 tam
1150 699 1187 733 in
1220 699 1386 746 gnomicis
1415 699 1542 744 poetis,
1583 708 1684 743 quam
1718 698 1755 729 in

129 751 295 788 Analet‘tis
319 756 419 784 veter.
445 757 534 797 poet.
558 760 609 796 gr.
634 748 670 782 in
697 746 814 795 quibus
838 747 943 782 multa
969 750 1068 787 etiam
1090 761 1109 782 a
1138 747 1282 783 Stobaeo
1308 746 1413 784 adlata
1440 749 1666 795 reperiuntur,
1705 743 1753 780 fa-

119 803 192 838 ctas
217 799 362 838 laudauit
383 807 440 835 aut
462 797 635 840 indicauit,
659 795 827 834 interdum
854 800 966 834 reiecit
989 799 1098 841 Schom
1128 801 1164 835 in
1194 797 1250 835 sua
1275 796 1355 834 edit.
1381 798 1499 844 Harl]

26 887 96 936 [CI.
128 885 349 936 Wyttenbach.
375 882 454 919 edit.
481 881 556 919 suae
581 882 745 919 Plutarchi
771 880 813 919 de
836 881 904 919 sera
927 885 1074 918 numinis
1101 882 1268 924 vindicta,
1306 862 1416 932 Lug'd
1450 885 1518 919 Bat.
1552 893 1642 928 1772.
1675 883 1753 916 mai.

129 947 160 980 3.
185 950 259 987 pag.
285 947 353 980 129.
381 933 451 984 sqq.
481 932 616 970 subiecit
648 931 840 982 eruditeque
869 933 1025 983 explicuit
1048 935 1276 982 fragmentum
1310 935 1497 975 Plutarchi,
1533 947 1574 968 ex
1610 935 1753 972 Stobaeo,

130 989 226 1028 serm.
251 987 373 1024 CXIX,
401 984 495 1035 quod
522 988 557 1021 in
583 985 741 1020 omnibus
767 985 899 1021 Stobaei
926 984 1018 1023 editt.
1053 986 1208 1021 tribuitur
1242 986 1419 1032 Thcsnistio.
1479 984 1544 1020 Sed
1576 983 1751 1030 Wyttenb.

129 1045 163 1077 in
190 1041 368 1088 prooemio
394 1037 535 1072 vbertim
569 1034 684 1077 docet,
724 1034 760 1071 id
792 1048 863 1071 non
895 1035 1104 1077 Themist‘m
1141 1034 1194 1072 sed
1221 1037 1395 1072 Plutarcho
1434 1034 1496 1072 effe
1524 1032 1750 1075 adserendum7

92 1099 94 1101 ’
130 1103 161 1128 et
187 1090 350 1126 seruatum
377 1103 395 1123 a
420 1088 563 1123 Stobaeo
591 1100 631 1122 ex
660 1085 837 1134 deperditis
862 1086 1028 1123 Plutarchi
1048 1087 1139 1122 .ibris
1165 1088 1202 1123 de
1220 1090 1337 1124 anima.
1398 1086 1491 1122 Idem
1523 1095 1639 1121 monet
1674 1097 1749 1132 pro-

113 1144 250 1191 ,batque
275 1139 361 1176 nihil
387 1137 590 1189 frequentius
612 1135 676 1172 esse
701 1140 735 1171 in
761 1138 921 1181 StobaeQ
949 1151 1048 1185 quam
1072 1149 1220 1172 errorem
1250 1148 1281 1173 et
1309 1136 1543 1173 confusionem
1573 1139 1609 1171 in
1640 1137 1750 1170 nomi-

130 1195 224 1230 nibus
250 1192 434 1226 anetarum.
485 1188 578 1223 Idem
605 1191 641 1227 in
664 1186 965 1224 animaduerfionn.
991 1186 1033 1222 ad
1060 1187 1225 1224 Plutarchi
1249 1188 1326 1225 libr.
1357 1201 1390 1237 p.
1415 1199 1448 1231 4.
1482 1199 1534 1231 22¹.
1563 1195 1612 1232 58.
1640 1196 1672 1221 et
1696 1196 1751 1231 94.

131 1241 291 1295 quaedam
317 1241 448 1277 Stobaei
473 1238 549 1274 loca
573 1236 737 1275 emendat.
794 1238 912 1284 Harl]

27 1331 95 1380 [Cl.
122 1329 213 1366 md.
239 1328 350 1364 Jacobs
368 1319 727 1361 animaduersionibus
752 1325 788 1360 in
813 1321 981 1373 Euripidis
1008 1321 1194 1373 tragoedias
1219 1333 1280 1361 etc.
1303 1325 1435 1361 Gothae
1458 1332 1488 1359 et
1505 1322 1639 1359 Amstel.
1659 1333 1753 1367 1790.

129 1389 160 1422 8.
185 1379 318 1416 subiecit
344 1391 375 1426 p.
401 1387 607 1421 209—303.
630 1375 720 1424 epist.
742 1378 845 1412 critic.
871 1374 912 1411 ad
946 1375 986 1411 cl.
1018 1378 1093 1413 Nic.
1129 1377 1272 1422 Schov,
1316 1379 1354 1411 in
1385 1389 1450 1424 qua
1487 1373 1611 1424 scripsit
1643 1383 1752 1408 acutas

129 1428 426 1469 animaduersiones
462 1431 498 1462 in
538 1424 669 1463 S'tobaei
713 1427 953 1477 Florilegium3
1002 1438 1078 1475 pag.
1111 1436 1221 1462 autem
1263 1439 1323 1470 303
1345 1447 1388 1463 ν-
1406 1439 1480 1470 307.
1519 1424 1648 1462 addidit
1687 1422 1752 1459 fra-

127 1491 299 1533 gmentum
325 1479 454 1526 Eusebii
478 1491 518 1513 ex
546 1480 597 1513 Io.
622 1477 752 1514 Stobaei
778 1478 903 1528 eclogis
931 1479 1043 1512 ethicis
1069 1477 1142 1513 libr.
1168 1479 1208 1513 11.
1231 1491 1265 1527 p.
1291 1480 1367 1513 206.
1404 1477 1456 1513 ed.
1490 1480 1645 1516 Canteri,
1696 1478 1752 1512 (in

127 1535 178 1572 ed.
202 1536 356 1572 Heeren,
382 1539 463 1581 part.
491 1531 533 1564 11.
561 1542 594 1577 p.
622 1540 695 1571 410.
724 1528 807 1578 sqq.)
835 1544 912 1565 cuin
939 1532 1028 1564 notis
1048 1531 1187 1571 criticis,
1211 1533 1246 1565 in
1277 1531 1395 1578 quibus
1422 1531 1536 1577 plura,
1569 1540 1652 1577 quae
1672 1526 1751 1562 late-

127 1589 225 1627 bant,
247 1584 354 1620 vicera
385 1584 488 1631 perite
514 1577 720 1629 feliciterque
746 1579 881 1619 sanauit.
935 1578 1108 1616 Interdum
1131 1589 1243 1616 tamen
1276 1581 1316 1616 cl.
1344 1582 1468 1616 Hem-en
1497 1584 1530 1615 in
1565 1581 1673 1619 notis,
1712 1577 1752 1612 fi·

124 1637 204 1674 dem
225 1633 325 1671 codd.
350 1643 384 1667 vt
410 1631 594 1680 plurimum
621 1629 793 1680 sequutus,
820 1630 965 1670 dissensit
990 1644 1008 1666 a
1034 1630 1078 1668 cl·
1103 1632 1236 1675 mohs,
1263 1643 1294 1668 et
1318 1633 1484 1668 leniorem
1506 1630 1663 1667 adhibere
1689 1627 1752 1663 ssu-

128 1688 200 1724 duit
227 1684 434 1722 medicinam.
485 1681 602 1727 Harl]

480 1799 597 1848 Capita
617 1803 753 1838 Iocorum
779 1801 983 1836 communium
1008 1801 1042 1836 S.
1065 1801 1306 1838 MAXIMJ.

27 1885 243 1923 Prooemium
270 1893 311 1916 ex
336 1879 543 1928 Ephraimo,
567 1877 644 1915 πῶς
664 1874 734 1927 χρὴ
755 1874 1014 1922 ἀναγινώσκειν,
1040 1872 1059 1921 3}
1083 1875 1351 1923 ἀναγινώσκοντι
1373 1879 1565 1928 προσέχειν.
1616 1877 1753 1924 Quomo-

24 1940 69 1986 ,ἡ
91 1939 210 1986 legere,
253 1933 303 1967 vel
326 1932 442 1979 legenti
470 1929 646 1976 auscultare
675 1935 821 1976 oporteat
849 1929 965 1978 (quod
989 1932 1023 1965 in
1051 1929 1130 1971 edit.
1158 1930 1310 1966 Wechel.
1342 1939 1374 1964 et
1405 1929 1591 1967 Geneuenfi
1619 1928 1754 1964 Stobaei

219 1985 360 2021 Antonii
380 1991 413 2017 et
434 1981 575 2017 Maximi
602 1979 643 2015 ad
666 1981 789 2017 calcem
813 1978 954 2015 vniuerfi
983 1983 1092 2029 operis
1111 1979 1321 2024 subiundtpm
1344 1980 1390 2016 est
1409 1995 1442 2032 p.
1460 1984 1563 2027 962.)

26 2080 105 2111 215«.
124 2076 251 2106 Weehel.

154 2142 198 2168 u.
277 2139 303 2163 1.
330 2124 410 2175 Περὶ
427 2122 490 2166 Βίε
506 2120 631 2172 αἱρετῆς
652 2120 710 2170 aa}
725 2125 864 2162 καικίας.
914 2124 971 2159 De
984 2125 1104 2160 virtute
1116 2131 1147 2161 et
1161 2126 1238 2161 vitio
1253 2127 1287 2160 in
1308 2126 1377 2160 vita
1398 2133 1480 2162 tom.
1504 2123 1546 2160 11.
1569 2124 1660 2174 Opp.
1678 2123 1754 2160 Ma-

362 2181 441 2213 xim·
458 2190 478 2226 p
507 2187 579 2222 529·
606 2175 690 2211 adde
706 2173 872 2213 Melissam
884 2174 941 2210 lib.
959 2176 983 2207 1.
1002 2188 1030 2210 c.
1046 2185 1077 2217 ¹1.

147 2258 200 2296 29·
262 2256 307 2287 ,5.
327 2243 409 2293 Περὶ
422 2241 611 2334 geminos
626 2238 684 2291 καὶ
699 2240 826 2287 &eniie-
876 2242 932 2280 De
942 2242 1118 2289 prudentia
1129 2249 1160 2278 et
1173 2244 1298 2294 confilio
1310 2256 1387 2293 pag,
1410 2254 1477 2288 533·
1500 2239 1632 2280 Melissa
1654 2241 1710 2279 lib.
1728 2242 1755 2278 1.

364 2309 394 2335 c.
448 2320 457 2331 .

1699 2402 1754 2439 8⁴·
