2023 2656
64 112 128 138 vni.
149 112 186 137 rx
214 122 238 145 p.
258 122 288 138 ω
585 120 589 123 -
760 90 968 148 PALLADH
997 116 1121 149 vARn
1347 112 1512 150 Libys.
1527 112 1671 147 XXIX.
1723 123 1782 156 109

23 232 31 234 V
57 216 90 241 et
105 206 263 255 elegantia
281 218 312 242 et
328 206 499 255 diligentia
522 203 774 253 praeferendam
799 204 921 241 iudicat
938 208 1022 241 Reu.
1045 203 1156 241 noster
1176 207 1220 243 Io.
1241 205 1417 252 Christoplz.
1436 204 1593 251 Wolfiuf,
1621 207 1708 239 notis
1736 202 1777 238 ad

56 256 304 293 casauboniana
318 271 350 306 p.
373 269 442 301 219.
497 260 679 294 Lambecius
693 257 750 292 lib.
770 260 809 293 V.
830 257 870 292 de
891 256 967 291 bibl.
984 256 1128 292 vindob.
1148 271 1180 305 p.
1197 263 1250 299 84.
1275 257 1362 304 [pag.
1379 263 1441 296 181.
1463 254 1513 290 ed.
1543 254 1682 300 Kollar.]
1710 256 1777 290 hoc

51 307 208 356 scriptum
226 307 266 343 de
287 311 540 344 Brachmanitus
565 323 679 357 parum
709 308 872 355 probabili
901 309 1089 342 coniectura
1118 308 1230 343 tribuit
1258 307 1401 343 Palladio
1431 306 1773 351 MethonaeossSophi-

51 359 132 399 stae,
164 372 263 408 quem
283 363 443 395 incertum
461 360 506 394 est
521 359 615 396 suiffe
631 358 752 396 Chi-issi
766 358 862 395 sacris
877 358 1065 402 §cidit-“turm
1091 368 1122 394 at
1139 357 1332 407 scriptorem
1350 358 1391 394 de
1405 358 1659 393 Brachmanibus
1675 358 1771 393 Chri-

50 411 189 446 stianum
206 408 300 446 fuiss'e
318 410 450 460 adparet
462 414 521 456 Μ).

549 549 591 585 V
587 549 634 583 II.
662 548 806 583 Palladii
827 549 885 584 alii
909 548 995 583 vltra
1021 550 1264 597 quinquaginta.

43 631 220 679 [Palladius
237 632 359 682 scripfit
374 631 415 668 de
433 633 646 668 arithmetica.
663 646 693 668 ν.
715 632 827 682 supra,
855 633 920 670 vol.
936 637 977 669 V.
992 646 1025 682 p.
1040 634 1134 679 649.]

41 699 203 735 Palladius
222 700 346 784 Abgas‚
373 699 414 735 de
431 712 498 749 quo
514 702 563 735 Io.
579 697 739 736 Moschus
753 703 789 736 in
802 709 899 749 prato
928 713 999 750 cap.
1023 703 1078 745 69.
1101 712 1150 743 71.
1172 699 1237 749 seq.
1260 700 1403 750 aequalis
1425 697 1472 735 sui
1495 699 1593 734 etiam
1610 691 1768 731 'meminit

142 765 212 800 cap.
227 762 262 794 17
291 779 298 786 .

39 816 199 854 Palladius
213 815 396 867 Apcoeoeae'xs·
413 816 583 865 Amasbae,
611 817 821 867 Hellesponti
845 816 1036 867 episcopm,
1065 821 1120 867 qui
1146 818 1307 855 Concilio
1332 815 1500 867 Ephefino
1517 829 1545 851 a.
1565 816 1606 850 C.
1627 814 1765 859 4314in·

139 867 264 906 terfuit.
314 870 399 906 Vide
415 869 532 905 Labbei
547 871 679 907 Concil.
695 877 778 905 tom.
795 872 854 909 III.
869 883 902 918 p.
919 871 996 912 464.
1012 881 1089 914 492,
1108 872 1176 914 536.

36 935 198 974 Palladius
218 936 480 976 Alexandrinus,
507 939 559 972 cui
584 937 733 979 Barthius
759 937 871 971 tribuit
895 935 1149 983 disputationem
1171 939 1341 986 Gregentii
1359 948 1436 971 cum
1451 932 1609 970 Herbano
1624 930 1762 976 judaeo,

138 988 179 1035 de
196 1001 260 1038 qua
276 986 372 1023 infra.
390 985 496 1033 [conf.
513 990 604 1023 Snxii
622 990 749 1023 Onom.
768 988 808 1023 ΙΙ.
826 1001 859 1035 p.
875 987 940 1032 41.]

35 1055 196 1092 Palladius
212 1054 343 1094 Andri,
371 1057 404 1089 in
419 1053 618 1098 Cycladibus
637 1053 772 1098 lusum,
799 1053 969 1103 episcopus
995 1051 1142 1089 interfuit
1163 1054 1321 1090 Concilio
1346 1067 1373 1089 a,
1396 1054 1474 1095 460.
1501 1049 1541 1096 [s.
1564 1066 1591 1091 a.
1615 1062 1691 1095 459·
1714 1046 1760 1085 se-

137 1105 236 1144 cund.
252 1107 394 1143 Lambcc.
412 1108 445 1140 in
462 1118 586 1141 comm.
603 1108 695 1140 VIII.
711 1119 742 1152 p.
759 1111 833 1145 888.
849 1104 917 1154 sqq.
942 1104 983 1140 de
1004 1104 1079 1142 cod.
1106 1108 1220 1140 XLIV.
1244 1109 1299 1153 qui
1323 1106 1469 1140 continet
1493 1102 1675 1142 Gennadii‚
1703 1114 1758 1149 pa-

133 1158 292 1193 triarchae
308 1156 432 1192 CPolit.
449 1155 620 1203 epistolam
643 1156 846 1199 encyclicam
862 1157 903 1190 de
920 1155 980 1190 illo
1007 1155 1173 1195 concilio,
1207 1165 1236 1189 et
1251 1170 1326 1205 pag.
1341 1161 1414 1198 891.
1436 1163 1605 1201 comparet
1627 1152 1757 1188 Pallad.

135 1206 230 1256 episc.
246 1206 350 1242 Andri
365 1210 449 1241 inter
464 1218 538 1247 εοε,
560 1209 617 1255 qui
633 1203 913 1253 subscripserunt]
1497 1211 1499 1213 '

29 1273 96 1324 [Ad
105 1275 288 1310 Palladium
302 1272 392 1321 epist.
410 1272 607 1313 Athanasrii,
640 1275 674 1307 in
692 1270 767 1306 cod.
787 1273 914 1308 coislin.
934 1274 1032 1308 XLV.
1055 1285 1073 1307 e
1096 1285 1165 1321 quo
1183 1270 1287 1307 editio
1302 1270 1470 1306 Athanasii
1491 1267 1756 1308 Montefalconi-

131 1340 191 1362 ana
209 1325 254 1361 est
269 1326 436 1372 recognita
454 1334 485 1359 et
502 1322 683 1376 emendata.
700 1336 730 1357 v.
746 1324 928 1370 Illontfauc.
946 1334 1007 1359 cat.
1024 1323 1104 1373 Bibl.
1121 1323 1259 1359 Coislin.
1277 1338 1310 1372 p,
1327 1324 1390 1358 116.

27 1395 213 1432 Palladius,
238 1391 279 1427 ad
296 1404 396 1439 quem
411 1389 582 1438 epistolam
605 1388 729 1438 scripsit
747 1390 911 1425 Libanius.
934 1405 965 1426 v.
981 1390 1165 1436 Montfauc.
1183 1390 1207 1426 l.
1229 1406 1255 1426 c.
1273 1403 1347 1439 pag.
1364 1401 1435 1435 517,
1464 1400 1520 1432 70.
1568 1390 1658 1424 Inter
1678 1399 1752 1435 epp.

127 1445 240 1481 Liban.
259 1458 277 1479 a
293 1446 345 1478 10.
362 1441 530 1489 Chrissph.
546 1441 680 1477 &Volfio
703 1439 801 1475 editas
815 1442 998 1488 permultae
1014 1441 1168 1490 epistolae
1184 1443 1310 1477 Libanii
1326 1441 1366 1476 ad
1383 1440 1567 1476 Palladium
1583 1441 1750 1481 reperiun-

126 1507 190 1532 tur.
241 1498 290 1532 Ex
305 1493 393 1542 epist.
412 1494 502 1527 1066.
519 1504 598 1535 1117.
620 1501 650 1527 et
664 1492 734 1527 aliis
748 1502 856 1540 patet,
882 1506 958 1528 euin
976 1491 1131 1529 funCtuin
1147 1491 1211 1529 effe
1224 1493 1429 1543 magistratus
1443 1490 1568 1527 officio.
1621 1492 1661 1524 In
1676 1488 1749 1525 aliia

123 1560 197 1597 epp.
215 1550 283 1582 eius
299 1548 507 1592 mentionem
523 1540 800 1593 frequenterfecit
816 1544 982 1579 Libanius.

23 1617 191 1652 Palladias
210 1618 295 1649 inter
312 1625 391 1653 eos,
420 1614 476 1659 qui
492 1612 654 1658 epitaphia
671 1613 704 1644 in
714 1610 898 1659 'Virgilium
917 1609 1117 1658 scripserunt.
1141 1622 1172 1645 ν.
1195 1609 1282 1658 Fqffi
1308 1611 1398 1647 catal.
1424 1610 1500 1650 bibl,
1522 1607 1747 1656 Magliabech.

124 1678 205 1702 tom.
223 1666 263 1699 lx.
283 1670 396 1712 p.804,
423 1680 472 1688 -
501 1665 585 1696 inter
606 1673 662 1695 eos
682 1659 858 1709 sapientes,
884 1674 1029 1710 quorum
1050 1660 1157 1698 versus
1179 1662 1340 1713 leguntur
1362 1666 1398 1698 in
1420 1661 1498 1698 cod.
1522 1658 1692 1697 Vossiano.
1715 1671 1745 1691 v.

123 1727 184 1752 cat.
204 1716 281 1751 bibl.
295 1714 444 1751 Leidens.
463 1726 496 1761 p.
513 1718 591 1755 383,
616 1714 668 1752 86.

23 1782 408 1826 Palladanlexandt-ini
425 1778 493 1814 duo
512 1778 623 1814 senarii
642 1782 676 1814 in
693 1779 845 1815 Brunckii
861 1780 1010 1816 Analedt.
1027 1790 1102 1817 vett.
1127 1790 1216 1830 poet.
1233 1794 1281 1830 gr.
1299 1789 1381 1816 tom.
1403 1782 1460 1815 ΠΙ.
1484 1792 1516 1828 p.
1536 1778 1612 1821 ⁴3332.
1634 1778 1691 1826 qui
1711 1776 1746 1811 in

121 1837 208 1895 Lett,
225 1835 269 1869 ib.
286 1846 318 1883 p.
335 1844 403 1877 310.
416 1829 526 1868 laudat
540 1830 674 1867 Salmas.
689 1841 759 1867 not.
781 1830 822 1867 ad
838 1832 912 1868 hist.
935 1832 1024 1926 gu}
1045 1845 1076 1882 p.
1095 1844 1161 1877 132.
1226 1835 1279 1889 De
1305 1832 1441 1869 Pallade
1460 1829 1483 1868 s.
1504 1828 1745 1930 Palladiogrilii:

22 2067 123 2101 peram
138 2056 300 2091 tribuitur,
323 2052 381 2084 ess'e
390 2051 495 2084 rudem
511 2051 670 2095 quamdam
687 2063 720 2084 ac
731 2052 852 2084 liberri-
905 2053 1048 2084 historiae
1063 2054 1146 2089 Laus,
1165 2054 1280 2095 Harl]

22 2111 98 2132 mam
113 2099 208 2130 libelli
227 2097 337 2129 pallad.
353 2098 519 2128 versionem
536 2094 676 2132 latinam,
700 2096 789 2126 fufius
806 2107 852 2127 ex-

19 2143 113 2186 plicat
125 2143 293 2184 probatque
309 2140 470 2171 Kollarius
482 2141 514 2169 iu
532 2138 676 2180 supplem.
695 2138 732 2169 ad
748 2140 852 2170 Lamb.
947 2139 1005 2178 aa)
1028 2139 1188 2176 Dfflclixni,
1219 2141 1297 2178 regis
1321 2141 1575 2176 Bragmanorum,
1607 2133 1739 2163 testimo-

18 2196 125 2217 eomm.
141 2197 170 2226 p.
185 2189 371 2223 597—604.
414 2186 509 2223 Atque
522 2182 684 2218 Palladio,
707 2183 850 2223 episcopo
905 2183 987 2211 nium
1005 2181 1141 2212 adfertur
1156 2194 1172 2212 a
1190 2185 1274 2213 Petro
1293 2181 1455 2213 Abailardo
1482 2180 1560 2209 libro
1585 2182 1608 2209 1.
1623 2174 1738 2207 Theol.

17 2228 235 2269 Cappadociae,
257 2227 399 2256 tribuitur
417 2227 478 2255 vita
486 2226 690 2265 Macariorum
709 2224 848 2256 duorum.
904 2225 1003 2254 christ.
1025 2236 1053 2266 p.
1068 2233 1142 2262 ¹¹95-
1160 2234 1232 2255 tom.
1251 2229 1287 2256 V.
1316 2225 1469 2256 Thesauri
1491 2220 1637 2254 Anecdot.
1656 2221 1738 2251 Mar-

0 2275 47 2303 lv.
63 2270 160 2307 insta,
184 2272 214 2300 iu
233 2268 346 2306 elogiis
368 2277 397 2298 et
421 2270 490 2298 viti·
520 2269 658 2302 Sturum,
682 2279 762 2298 nom.
778 2269 848 2298 Ma-
901 2269 1032 2306 tentiam,
1057 2267 1210 2309 q.Pa11ad.
1228 2265 1391 2303 Δκιῖοίμιοσ.

15 2315 168 2346 car-iorum
183 2312 314 2345 duorum
333 2321 390 2343 etc.
431 2309 508 2342 Add.
530 2309 666 2353 supra-in
681 2319 744 2341 not.
760 2310 849 2343 codd.
