2023 2656
665 193 727 230 DE
754 193 925 229 PSELLIS
1301 189 1469 229 Half-c.
1481 189 1667 229 XXVIII.
1713 202 1750 236 41

554 386 588 429 C
619 385 665 429 A
697 388 730 429 P
761 387 805 431 V
836 388 878 429 T
939 384 1223 433 XXVIII.

652 490 686 524 D
713 491 742 524 E
801 491 826 524 P
851 491 872 524 S
900 491 928 524 E
955 490 981 523 L
1007 489 1035 523 L
1061 489 1075 522 Ι
1101 488 1123 523 S

536 573 670 619 [Studio
704 575 848 610 Gottlz'eb
878 573 1056 621 christoph.
1084 573 1187 609 Harle
1204 571 1250 619 s.]

27 684 269 720 Praemonenda.
314 682 450 716 Mic-liae!
468 683 684 722 Amor-ianus,
720 690 750 717 et
764 687 841 718 Sim.
864 686 991 729 Psellus.
1016 688 1042 716 1.
1086 683 1323 728 Pfiltussenior
1343 685 1381 716 Π.
1424 682 1561 715 Michael
1582 681 1749 725 constanti-

115 740 173 761 nus
188 727 305 770 Psellus
320 728 431 758 iunior.
453 730 507 757 111.
551 729 678 767 Scripta
702 735 764 760 tam
789 730 883 766 edita,
909 733 960 760 [V.
1006 730 1105 772 Quam
1132 728 1258 759 inedita.
1284 731 1320 758 V.
1369 728 1451 759 Num
1469 725 1636 768 praaefatus
1647 726 1690 767 fit
1716 727 1748 757 in

113 771 252 812 Philippi
267 771 413 802 Solitariz'
430 770 596 810 dioptram.
619 775 672 803 VI.
718 773 801 803 Num
824 774 974 804 tertius
989 771 1094 812 fuerit
1110 771 1245 804 Michael
1257 769 1385 813 Psellus.
1408 773 1476 802 V1L
1520 772 1655 804 Ioannes
1669 768 1750 808 Psec-

111 815 177 852 lus,
198 820 245 852 et,
266 815 313 846 vti
327 815 453 856 quidam
467 815 669 852 contendunt,
691 814 904 857 Constantinus
916 815 1046 858 Rsbllus.
1067 817 1153 848 vlu.

727 894 1045 931 Praemonenda.

113 1010 183 1049 uod
201 1012 366 1049 Fabricius
386 1011 545 1061 superiori
564 1016 667 1062 capite
692 1010 731 1048 de
754 1015 842 1050 Mlis
865 1016 897 1049 in
919 1012 1040 1048 eodem
1063 1012 1236 1049 volumine
1259 1014 1376 1060 quium
1404 1009 1610 1047 subiunxerat
1633 1012 1750 1046 Leonis

27 1066 146 1100 Auatii
160 1065 198 1102 de
209 1064 326 1111 Pfillis
340 1071 369 1099 et
385 1078 489 1100 eorum
497 1064 633 1111 scriptis
643 1067 811 1100 diatribam
822 1092 831 1105 ,
860 1064 900 1100 ad
917 1066 992 1100 edit.
1008 1064 1182 1106 Mascardi,
1198 1078 1226 1102 a.
1243 1064 1499 1099 MDCXXXIII.
1511 1061 1666 1103 recusam,
1693 1061 1749 1096 ad-

27 1113 103 1151 ditis
119 1119 207 1151 notis
225 1129 262 1150 ac
277 1115 507 1164 supplementis
523 1116 737 1164 quibu-'daun
765 1116 939 1165 equid-em,
966 1130 1006 1152 ne
1028 1126 1133 1164 partes
1155 1118 1270 1150 veteris
1294 1114 1446 1149 editionis
1468 1118 1565 1149 nimis
1591 1113 1751 1161 disceipe-

29 1179 99 1203 rem
116 1170 150 1202 in
165 1168 232 1201 hoc
246 1170 368 1214 capite,
395 1166 488 1215 quod
509 1168 621 1201 Allatii
635 1167 717 1201 liber
735 1171 831 1215 copia
848 1168 1018 1215 rebusque,
1044 1169 1083 1201 ab
1108 1167 1253 1202 instituto
1276 1175 1307 1199 et
1322 1165 1463 1199 consilio
1485 1165 1597 1200 nostro
1623 1165 1748 1205 alienis,

28 1216 191 1259 abundat,
216 1218 309 1252 uolui
325 1230 402 1252 eum
418 1220 584 1264 integrum
599 1226 763 1264 repetere;
791 1217 843 1253 sed
860 1217 953 1253 satius
970 1216 1032 1252 esse
1049 1218 1147 1258 duxi,
1173 1231 1212 1252 ex
1227 1229 1268 1250 eo
1285 1219 1435 1262 potiora,
1463 1228 1547 1263 quae
1562 1214 1750 1251 viderentur

29 1279 182 1317 excerpta
201 1281 319 1316 eaque,
347 1281 429 1316 quae
445 1270 572 1313 reperi,
599 1277 630 1302 et
652 1281 753 1316 quae,
780 1267 967 1316 praesertim
989 1266 1083 1316 quod
1109 1267 1149 1302 ad
1165 1267 1450 1302 notitiamMSSr.
1475 1265 1573 1301 codd.
1600 1268 1751 1313 pertinet,

29 1331 143 1357 notatu
160 1318 259 1367 digna
276 1318 474 1359 viderentur,
502 1320 643 1354 breuiter
656 1317 807 1354 adiicere.
860 1320 998 1355 Allatius
1015 1333 1092 1355 vero
1107 1318 1246 1355 absoluit
1260 1330 1343 1368 opus
1359 1322 1413 1357 80.
1428 1315 1645 1361 [eollonibuffi
1672 1329 1751 1366 qua-

29 1385 106 1410 rum
123 1381 236 1416 notas,
263 1372 389 1406 vncinis
405 1369 562 1413 inclusas,
590 1368 649 1406 suo
667 1373 786 1421 cuique
801 1370 881 1406 loco
897 1371 1047 1421 praefixi.

196 1523 255 1569 (ἶ.)
276 1524 426 1559 Primum
443 1520 604 1572 produxit
627 1522 763 1558 Allatius
779 1523 963 1558 Michaelem
984 1522 1219 1566 Amorianum,
1247 1524 1408 1569 Amorio,
1433 1523 1597 1572 Phrygiae
1612 1518 1752 1570 oppido,

33 1573 235 1616 oriundum,
263 1578 496 1622 imperatorem
510 1574 938 1622 constantinopolitanum,
967 1577 1022 1623 qui
1037 1575 1172 1623 quidem
1188 1575 1262 1624 post
1272 1577 1420 1610 Leonem
1433 1577 1623 1609 Armenium
1643 1586 1755 1621 regna·

32 1632 80 1664 vit
92 1637 123 1663 et
139 1629 223 1662 obiit
236 1641 264 1662 a.
281 1628 361 1662 Chr.
378 1631 455 1669 829.
477 1624 585 1660 mense
604 1626 763 1666 Odlobri,
790 1638 893 1673 quum
910 1625 1093 1674 imperasset
1118 1639 1222 1661 annos
1236 1627 1324 1661 V111.
1340 1625 1464 1661 meuses
1489 1638 1520 1670 9.
1540 1634 1571 1660 et
1594 1623 1661 1658 dies
1677 1625 1752 1658 toti-

33 1679 125 1717 dem·
175 1678 289 1718 Illum,
317 1680 375 1726 qui
391 1678 430 1711 ab
447 1676 517 1711 aliis
534 1676 696 1711 historicis
711 1677 869 1726 Τξαῦλος
880 1678 1002 1712 Balbus
1019 1675 1083 1712 dici
1100 1676 1193 1719 solet,
1220 1676 1297 1712 ideo
1306 1676 1423 1724 Psellis
1438 1676 1649 1717 adnumerat,
1678 1687 1755 1710 cum

33 1734 111 1782 quia
127 1731 266 1769 Ψὲλλος
281 1740 312 1764 et
328 1728 486 1778 Τςαῧλος
506 1727 567 1762 sint
586 1726 791 1773 synonyma,
820 1739 890 1763 turn
905 1731 1055 1777 inprimis
1071 1732 1229 1778 quoniam
1247 1730 1375 1763 Nicetas
1392 1727 1559 1776 Paphlago
1584 1729 1618 1762 in
1640 1730 1705 1761 vita
1722 1727 1754 1761 S.

34 1784 167 1833 Ignatii,
186 1782 395 1829 patriarchae,
414 1793 490 1814 eum
506 1777 621 1814 diserte
635 1783 759 1815 vocarit
777 1780 913 1818 Ψέλὶκον.
955 1782 984 1814 ls
1002 1791 1110 1815 tamen
1129 1780 1213 1815 nihil
1229 1778 1362 1827 scripsit.
1414 1780 1579 1815 Fabricius
1595 1789 1704 1813 autem
1722 1779 1755 1812 in
1815 1776 1824 1782 ’

34 1845 114 1872 nota
139 1835 360 1881 antiquiorem
384 1833 532 1866 nominat
548 1832 702 1866 Simonem
714 1831 874 1879 Psellum,
906 1831 1011 1869 Flauii
1025 1829 1154 1881 Iosephi
1167 1828 1386 1880 πρόπαππον
1402 1829 1469 1866 fiue
1485 1841 1638 1872 ananum,
1666 1832 1757 1866 cuius

34 1884 101 1936 ipse
117 1886 270 1920 meminit
285 1884 319 1918 in
334 1883 449 1918 limine
458 1885 542 1918 vitae
555 1880 638 1918 suae.

202 1970 247 2004 11.
275 1967 464 2011 (II—XL)
490 1969 646 2016 Sequitur
663 1967 803 2004 Μάκαι]
817 1967 953 2016 Pscllus,
980 1966 1107 2010 senior,
1134 1981 1174 2004 ex
1201 1965 1301 2004 insula
1325 1965 1443 2004 Andro
1468 1974 1576 2005 ortus,
1602 1973 1633 2000 et
1647 1964 1757 2000 Phoiii

39 2019 227 2071 discipulu5‚
243 2024 293 2054 vir
311 2020 439 2061 dotstus,
467 2021 524 2068 qui
540 2019 748 2054 humanitatis
763 2030 794 2055 et
807 2019 1036 2069 philosophiae
1052 2018 1145 2056 sacris
1162 2022 1301 2055 initiatus
1317 2017 1479 2069 fugientes
1492 2015 1601 2053 Musas
1619 2014 1758 2051 retarda-

39 2077 107 2118 vit,
129 2083 160 2119 et
174 2070 412 2120 ingrauescenti
429 2070 582 2106 barbariei
599 2070 629 2106 se
647 2070 812 2120 opposuit.
866 2073 965 2120 Qod
983 2084 1060 2107 vero
1085 2085 1210 2120 magno
1228 2071 1335 2106 studio
1358 2068 1599 2106 Alexandrinae
1623 2080 1760 2116 quoque

39 2125 229 2172 theologiae
245 2121 484 2172 pernoscendae
500 2120 530 2157 se
544 2120 694 2162 tradidit,
721 2134 752 2158 et
768 2120 918 2172 pros-anis
935 2123 1050 2158 litteris
1069 2122 1234 2164 addieluS,
1262 2136 1332 2158 rem
1352 2120 1559 2158 christianam
1581 2116 1760 2166 neglexisse
1784 2136 1788 2141 ¹

38 2175 230 2220 videbatur,
254 2173 342 2222 apud
358 2173 631 2219 Constantinum,
655 2172 748 2209 suum
765 2174 937 2224 qnondam
953 2173 1167 2223 discipulum,
1189 2178 1221 2209 in
1239 2171 1456 2222 suspicionem
1473 2170 1660 2219 repudiatae
1674 2173 1758 2206 chri-

42 2227 158 2267 stianae
173 2225 362 2275 disciplinae
377 2229 477 2266 venit,
504 2225 544 2260 ab
558 2237 665 2274 eoque
679 2229 822 2262 carmine
839 2227 986 2275 elegiaco
1001 2229 1117 2262 aeriter
1132 2225 1175 2261 est
1189 2237 1330 2260 notatus.
1382 2222 1501 2259 Psellus
1517 2225 1627 2272 igitur,
1656 2235 1761 2271 quum

42 2293 138 2329 tegre
156 2275 256 2313 ferret
274 2277 421 2326 discipuli
439 2277 656 2318 calumniam,
682 2287 713 2312 et
730 2279 849 2313 Photio
864 2279 904 2312 ad
924 2275 1109 2313 dorstrinam
1126 2277 1332 2312 christianam
1356 2284 1464 2311 curate
1490 2277 1684 2322 penitusque
1707 2271 1762 2309 ad-

44 2328 230 2369 discendam
250 2339 356 2364 totuin
375 2328 404 2364 se
420 2326 573 2371 tradidit,
599 2338 631 2363 et
647 2331 680 2364 in
696 2329 804 2378 longo
826 2331 970 2364 carmine
990 2329 1149 2369 iambico,
1177 2327 1268 2377 quoel
1289 2327 1449 2362 ineditum
1475 2324 1612 2361 All-atius
1637 2325 1762 2369 hahuit,

45 2385 198 2422 iniuriam
212 2380 436 2431 propulsauii‚
463 2390 573 2430 atque,
595 2377 626 2416 se
641 2378 762 2417 Christi
779 2379 844 2417 ess‘e
859 2379 1020 2417 adseclam
1036 2380 1231 2429 hostemque
1246 2376 1399 2417 falsarum
1414 2376 1629 2426 religionum,
1655 2377 1766 2463 ρξΙ-ῗη

93 2440 159 2474 Vol.
183 2438 224 2471 X.
1041 2432 1066 2467 F
1685 2433 1714 2464 al
1732 2441 1767 2463 us
