2023 2656
48 135 108 162 vot.
122 134 197 162 vm.
211 141 239 169 p.
255 132 382 180 πὲρ-ΕΗ,

643 132 908 170 GREGORIVS
936 132 1162 168 NYSSENVS
1222 170 1230 171 o

1409 133 1486 171 Lib.
1495 133 1540 172 3⁹2⁵:
1551 147 1574 171 c.
1587 134 1673 173 XV?
1725 149 1772 184 99

143 216 249 265 Latuit*
269 231 338 264 eius
355 230 555 264 memoriam
572 230 656 265 inter
667 224 796 265 ssndtos
810 227 976 265 celebrant
998 225 1120 263 dielx.
1133 229 1269 269 Martii,
1298 230 1415 266 Graeci
1429 231 1470 265 X.
1485 232 1639 273 ianuarii,
1665 234 1768 282 Copti

139 283 230 317 XIV.
249 280 369 317 Odiob.
386 278 418 315 et
430 282 531 316 XXlI.
550 282 642 316 Nou.

37 382 132 434 Qae
158 382 259 421 hodie
287 382 401 432 paffim
429 380 463 419 in
489 380 628 429 Nysseni
656 381 779 431 scriptis
806 381 963 431 adparent
998 384 1270 431 Origenianorum
1297 381 1494 430 dogmatum
1521 380 1674 434 vestigia,
1709 386 1767 423 illa

93 477 95 479 Ι
137 440 206 472 iam
231 436 314 471 olim
341 438 524 471 Germanus
550 436 731 483 patriarcha
759 435 975 482 Cpoiimuus,
1011 437 1086 484 (qui
1113 449 1140 470 a.
1167 435 1248 470 Chr.
1276 446 1351 478 730.
1381 435 1505 480 ohim)
1533 439 1561 471 ei
1588 437 1628 471 ab
1655 440 1765 474 haere-

139 490 211 523 ticis
238 485 354 524 inserta
381 483 444 528 esse
470 482 642 521 contendit
667 485 756 520 fibro
782 484 959 534 singulari.
987 500 1086 536 quem
1114 484 1271 534 inscripsit
1299 482 1570 525 olyram-mionz&
1594 487 1663 523 siue
1689 488 1764 528 εἰνὸ-

123 540 287 583 ζθευτσν,
315 535 357 572 de
382 535 639 586 quo.videndus
666 537 807 572 Ps'zotius
831 536 907 572 cod.
933 540 1148 574 CCXXXIII.
1186 546 1190 549 ’
1217 536 1432 574 conferenda
1459 542 1576 580 etiam,
1603 552 1688 588 quae
1711 541 1765 577 ad—

137 589 245 625 versus
283 588 525 630 Baarlaatnum7-
553 591 621 636 aqui
655 586 843 634 Nyssenum
880 591 1163 637 Origenianorum
1202 602 1353 625 errorum
1388 587 1543 626 audaster
1582 589 1761 635 insimulat,

135 639 343 689 disputantur
372 654 390 675 a
417 637 698 680 Leonte-flantia,
735 640 823 675 libro
863 638 904 674 de
933 639 986 685 [lf]
1020 644 1216 690 purgatorio
1241 654 1316 689 pag.
1347 643 1435 685 [166.
1472 639 1541 690 sqq.
1569 643 1601 690 §.
1629 645 1762 694 XXHL]

138 704 205 736 173·
232 690 296 740 seq.-
327 703 394 735 ¹77-
423 688 556 736 9455(

589 693 716 726 Praeter
742 690 825 725 alios
853 689 893 726 de
921 690 1070 737 Nyffeno
1098 701 1130 727 et
1156 695 1225 728 eius
1252 695 1316 727 vita
1343 691 1504 728 videndus
1530 694 1765 740 Papehrochius

135 743 178 779 ad
206 746 261 779 IX.
289 745 404 779 Martii
431 753 514 780 tom.
542 744 585 777 II.
613 743 674 777 adt.
700 743 849 778 sanctor.
874 755 952 791 pag.
980 754 1036 787 44.
1062 742 1126 792 seq.
1153 756 1190 779 ac
1218 747 1274 792 qui
1302 742 1549 792 diligentissime
1576 754 1607 779 et
1634 759 1762 783 accura-

76 825 80 827 -
132 793 256 831 tiffime
270 795 365 832 iilam
382 793 424 830 ess
439 791 664 843 persequutuS,
693 794 930 835 Tzllemontim,
953 804 1048 830 tomo
1073 797 1126 830 IX.
1147 808 1297 839 mernor.¹
1311 794 1383 831 hist.
1401 794 1513 832 eccles.
1530 810 1563 846 p.
1578 799 1646 842 561,
1664 797 1764 848 seq.¹)

84 984 118 1021 k)
148 984 298 1018 Dattacus
314 993 416 1017 tamen
437 987 468 1016 in
488 985 568 1016 libro
585 988 636 1017 1v.
659 984 696 1015 de
718 987 825 1027 poenis
845 992 874 1015 et

33 1027 286 1059 satisfac‘fionibus
309 1031 448 1059 humanis
470 1039 535 1070 cap.
551 1039 580 1067 7.
606 1041 634 1070 p.
652 1034 703 1064 368
719 1028 781 1069 sqq.
804 1032 873 1058 Am-

34 1071 96 1102 stel.
110 1077 192 1109 1649.
209 1083 237 1110 4.
252 1083 287 1102 ex
303 1073 446 1109 Gregorii
461 1071 585 1107 Nyffeui
602 1073 687 1102 libris
697 1093 706 1106 ,
734 1080 823 1111 atque
838 1081 874 1100 ex

33 1113 119 1150 Nili,
142 1116 288 1144 Germani
303 1122 333 1143 et
352 1116 452 1144 Photii
472 1116 651 1144 testimoniis
666 1114 805 1142 euincere
821 1111 874 1141 ad-

31 1155 204 1194 laborauit,
227 1158 409 1195 Gregorium
427 1155 590 1192 Nyss'enum
607 1155 644 1186 ad
661 1156 807 1193 Origenis
821 1154 872 1185 de-

32 1194 102 1229 liria
123 1194 286 1235 accessiss‘e,
308 1201 432 1239 eiusque
448 1199 591 1240 operibus
609 1210 670 1229 non
688 1199 789 1239 paucis
809 1199 872 1227 ori-

32 1238 171 1279 genicam
191 1244 274 1272 itiam
287 1240 388 1272 'labem
407 1244 466 1271 iam
487 1241 605 1284 pridem
626 1240 782 1274 insedisse3
817 1251 872 1271 nec

32 1284 188 1315 dissentire
205 1284 325 1316 videtur
342 1285 481 1315 Oudz'nus
494 1288 525 1315 in
541 1291 704 1315 comment.
720 1283 757 1313 de
771 1283 871 1325 script.

33 1327 136 1357 eccles.
153 1336 226 1358 tom.
241 1331 265 1359 1.
276 1327 342 1358 diff.
358 1338 388 1365 4.
409 1330 454 1366 (in
470 1338 528 1369 qua
543 1339 557 1358 a
574 1339 642 1370 pag.
652 1333 717 1365 584.
732 1328 826 1357 vitam
842 1334 872 1357 et

29 1371 141 1412 scripta
156 1375 246 1409 Greg.
262 1370 406 1407 Nyffeni,
433 1370 587 1413 episcopi,
612 1372 763 1402 vberrime
780 1380 872 1412 expo-

32 1413 106 1450 suit,
135 1423 166 1444 at
180 1424 276 1456 paene
293 1416 397 1444 omnia
413 1424 448 1444 ex
464 1412 587 1444 Dallaeo
598 1437 608 1450 ‚
630 1415 758 1449 Riueto,
781 1416 872 1443 Zaca-

33 1459 106 1495 gnio
126 1458 253 1498 aliisque
269 1457 437 1494 congeffit‚)
459 1458 491 1486 in
507 1467 570 1499 cap.
589 1455 738 1493 secundo,
768 1456 872 1486 inscri-

32 1500 105 1543 pto,
140 1510 180 1531 ex
204 1500 399 1540 Origeniana
422 1500 537 1541 haeresi
545 1523 553 1537 ‚
572 1498 707 1542 salutem
727 1499 872 1534 omnium,

31 1544 125 1575 etiam
138 1543 368 1580 damnatorum,
391 1543 484 1574 immo
497 1547 526 1575 et
543 1541 732 1579 daemonum,
746 1541 872 1584 docuiffe

31 1587 130 1627 Greg.
153 1585 260 1628 Nyffl,
276 1585 394 1630 ,epfiw
417 1587 541 1619 dicitnr.
588 1589 666 1618 Nam
689 1587 721 1616 in
742 1596 778 1616 eo
804 1596 870 1627 cap.

32 1629 153 1661 Dallaei
165 1637 273 1672 caput,
296 1628 380 1672 quod
399 1640 522 1660 aureum
540 1629 630 1673 plane
644 1637 751 1666 vocat,
774 1639 872 1670 eoque

30 1671 157 1703 nitidius
173 1672 250 1703 nihil
267 1673 358 1704 scribi
374 1673 458 1715 poffe
474 1672 606 1710 iudicat,
635 1674 806 1710 integrum,
835 1682 872 1701 ne

31 1723 148 1746 mutato
169 1715 293 1757 quidem
313 1716 484 1753 vocabulo,
519 1715 682 1758 descripsit.
725 1718 792 1746 Nee
815 1714 873 1745 dis-

32 1758 121 1789 sentit
137 1757 173 1789 cl.
190 1757 360 1790 Schroeckh
373 1761 419 1789 in:
441 1759 553 1790 christl.
568 1757 873 1796 Kirchengeschichte

32 1811 106 1831 tom.
123 1803 204 1832 XIV.
221 1800 286 1838 (vbi
301 1812 319 1832 a
334 1807 404 1844 pag.
419 1813 482 1832 1—
492 1812 558 1841 147.
575 1801 738 1840 diligenter
753 1808 874 1832 enarrat

32 1846 126 1874 vitain
148 1843 269 1887 fataque
283 1847 446 1882 Gregorii,
469 1847 610 1886 inprimis
627 1847 694 1874 eius
709 1855 802 1886 opera
818 1845 875 1874 ho-

30 1897 159 1928 rumque
183 1896 361 1925 argumenta
380 1886 438 1918 late
458 1887 604 1929 explicat,
627 1887 664 1917 de
685 1886 805 1929 illisque
827 1889 874 1917 in-

32 1928 204 1967 telligenter
224 1929 381 1971 i'udieat,)
413 1941 481 1972 pag.
503 1941 558 1968 140
579 1931 642 1972 sqq.
663 1930 715 1960 vbi
737 1930 872 1960 sobrium

30 1971 91 2002 fert
113 1972 261 2003 iudicium
286 1973 323 2002 de
341 1975 465 2011 ingenio
487 1975 550 2003 eius
573 1971 755 2013 dicendique
777 1972 873 2003 facul-

31 2025 111 2051 tate,
133 2026 167 2046 ac
182 2017 345 2047 virtutibus
361 2027 455 2057 aeque
471 2027 505 2046 ac
523 2018 616 2046 animi
634 2016 872 2045 infirmitatibus.

32 2061 107 2089 Non
122 2060 215 2097 igitur
232 2067 338 2096 negat,
366 2059 451 2089 illum
473 2058 619 2088 nonnulla
640 2059 788 2095 Origenis
810 2057 872 2100 pia-

32 2104 92 2131 cita
113 2101 288 2144 adoptaffe;
319 2101 369 2132 sed
393 2110 500 2139 negat,
529 2111 597 2131 enm
617 2102 762 2137 Origenis
785 2100 872 2130 fuisse

33 2154 159 2174 coecum
175 2144 338 2178 adseclam
363 2146 414 2186 qui
432 2156 475 2186 ·pe
491 2145 544 2186 qui
560 2144 632 2174 alias
648 2145 795 2181 Origenis
810 2143 873 2174 sen-

34 2189 141 2217 tentias
163 2195 252 2229 atque
273 2189 405 2230 hypotne
421 2189 451 2217 'es
476 2188 635 2218 reieciffet.
668 2205 708 2208 —
755 2185 873 2217 Dallaei

30 2229 196 2260 sententiae
216 2230 362 2261 calculum
384 2230 485 2260 album
501 2229 612 2260 adiecit
632 2240 754 2271 quoque
766 2229 810 2261 D.
826 2230 872 2261 [ο.

31 2274 150 2305 Salom.
168 2273 298 2305 Svmtrr.
323 2282 352 2304 et
375 2273 521 2305 Natalem
543 2272 719 2305 Alexandr.
745 2275 818 2314 (qui
839 2274 872 2302 in

35 2316 131 2347 sele&
148 2320 186 2347 H.
203 2319 233 2347 E.
255 2328 342 2358 capp.
366 2316 440 2346 saec.
457 2319 511 2348 1V.
526 2324 602 2357 part.
623 2326 642 2345 1.
660 2326 728 2357 pag.
742 2325 791 2354 571
809 2316 870 2357 sqq.

34 2359 72 2389 de
86 2361 235 2397 Gregorio
252 2361 352 2390 nostro
367 2359 457 2400 θείῃ)
479 2361 510 2390 in
525 2370 550 2390 c.
568 2370 595 2396 4.
611 2367 666 2389 art.
683 2362 745 2391 XX.
763 2359 870 2397 Origi-

997 848 1030 883 N
1058 858 1077 882 2
1657 851 1763 887 Nobis

927 987 1014 1016 nistas
1030 986 1216 1016 accusantem
1238 992 1392 1016 contextus
1407 989 1586 1026 Gregoriani
1605 1000 1763 1033 corrupto-

926 1039 993 1064 res,
1039 1029 1151 1059 refutat
1180 1031 1212 1058 in
1240 1029 1364 1058 historia
1393 1029 1549 1061 doch-inae
1573 1034 1762 1073 christianae,

925 1072 1084 1112 praemilsa
1097 1072 1354 1111 iBaumgartenii
1382 1073 1556 1111 theologiae
1583 1075 1764 1116 polemicae,

926 1115 1098 1151 germanice
1114 1114 1241 1155 scripta,
1265 1121 1338 1143 tom.
1356 1117 1408 1144 III.
1428 1126 1457 1155 p.
1473 1126 1524 1153 239
1542 1118 1582 1158 sq.
1599 1120 1631 1148 in
1650 1127 1713 1149 not.
1734 1131 1763 1151 et

924 1158 957 1186 in
974 1155 1034 1185 illis
1050 1155 1277 1197 prolegomenis
1291 1166 1359 1197 pag.
1376 1163 1426 1189 186
1438 1174 1473 1180 —
1485 1169 1554 1196 240·
1570 1171 1604 1189 ex
1621 1163 1763 1201 operibus

925 1201 1068 1237 Gregorii
1088 1198 1171 1234 Nyss‘.
1189 1200 1354 1240 praecipua
1377 1201 1440 1229 eius
1461 1199 1573 1242 placita
1590 1203 1763 1245 iudiciaque

925 1240 1100 1279 dogmatico
1116 1259 1158 1265 --
1173 1241 1347 1279 theologica
1362 1241 1450 1273 doete
1463 1243 1598 1283 collegit,
1615 1246 1690 1276 bene
1704 1248 1764 1278 dis-

925 1284 1042 1326 posuit,
1071 1284 1249 1326 eruditeque
1269 1284 1444 1322 illustrauit,
1476 1287 1571 1318 multo
1587 1288 1688 1319 seirius
1703 1292 1764 1322 hoe

923 1330 955 1358 in
971 1338 1082 1366 genere
1104 1328 1252 1364 versatus,
1282 1338 1371 1369 quam
1387 1328 1518 1361 Stellius
1540 1342 1569 1372 p.
1584 1341 1639 1370 397
1653 1332 1695 1374 sq.
1712 1336 1762 1365 in:

924 1371 1097 1402 Nachricht
1115 1381 1176 1400 von
1199 1370 1256 1400 den
1273 1371 1372 1401 Leben
1397 1371 1451 1401 der
1470 1374 1688 1405 Kirchenviiter
1709 1375 1764 1407 der

924 1415 1020 1444 ersten
1031 1424 1051 1450 4
1068 1412 1297 1444 Iahrhnnderte.
1319 1414 1372 1444 vbi
1389 1424 1407 1443 a
1423 1425 1491 1456 pag.
1507 1414 1563 1454 376⁴
1575 1433 1620 1440 —
1634 1427 1698 1455 399.
1718 1421 1761 1450 vi.

923 1465 1003 1493 tam,
1025 1455 1138 1492 libros,
1161 1457 1333 1497 horumque
1347 1466 1524 1495 argumenta
1539 1468 1628 1501 atque
1648 1461 1763 1492 editio-

924 1509 975 1529 nes
993 1500 1160 1530 enarrauit.
1204 1499 1299 1531 Harl.

969 1585 1000 1625 1)
1023 1588 1143 1617 Praeter
1166 1584 1304 1616 laudatos
1323 1587 1408 1617 viros
1424 1587 1546 1630 possunt
1561 1588 1599 1619 de
1613 1588 1763 1632 Gregorii

916 1626 1052 1672 ‘Nyffeni
1072 1631 1134 1659 vita
1158 1628 1335 1670 scriptisque
1359 1630 1474 1661 consuli
1497 1631 1707 1672 Hieronymus
1727 1635 1763 1666 de

925 1675 1000 1703 viris
1024 1671 1187 1702 illustribus
1212 1682 1277 1713 cap.
1304 1679 1367 1706 108·
1393 1684 1460 1705 cum
1489 1677 1569 1705 notis
1595 1678 1708 1708 varior.
1731 1680 1763 1709 in

923 1715 1067 1746 biblioth.
1082 1714 1238 1746 ecclesiast.
1253 1717 1277 1744 Ι.
1294 1718 1328 1746 Δ.
1346 1716 1489 1753 Fabricii,
1511 1717 1592 1749 Abr.
1609 1719 1765 1752 Scultctus

924 1760 957 1789 in
981 1757 1116 1789 Medulla
1146 1757 1240 1788 theol.
1265 1764 1383 1799 patrum
1404 1770 1472 1800 pag.
1496 1766 1543 1797 883
1566 1761 1628 1803 sqq.
1652 1766 1701 1804 qni
1725 1762 1763 1795 de

914 1801 1042 1843 'seriptis
1065 1802 1209 1838 Gregorii
1231 1799 1314 1835 Nyss'.
1336 1812 1504 1843 eorumque
1529 1803 1588 1834 fide
1611 1813 1641 1835 et
1662 1809 1762 1849 pretio

925 1844 1060 1881 iudicat,
1082 1845 1122 1877 G.
1139 1843 1271 1875 caucin
1288 1845 1362 1874 Hist.
1385 1844 1511 1875 litterar.
1537 1846 1693 1891 scriptorr.
1715 1860 1762 1881 ec-

926 1887 1046 1919 clefiast.
1069 1897 1137 1930 pag.
1155 1897 1208 1925 217
1227 1886 1291 1929 sqq.
1311 1894 1340 1917 et
1363 1889 1395 1917 in
1416 1890 1576 1931 Antiquitt.
1594 1899 1712 1933 patrum
1732 1901 1763 1925 et

924 1930 1030 1962 eccles.
1045 1939 1120 1961 tom.
1137 1933 1176 1960 11.
1194 1935 1224 1972 p.
1241 1935 1305 1967 1136
1319 1930 1381 1973 sqq.
1404 1948 1448 1954 —
1469 1931 1507 1963 L.
1521 1931 1619 1965 Elliejv
1633 1934 1686 1967 Du
1701 1937 1763 1968 Pin

925 1984 1007 2004 noua
1023 1973 1168 2004 biblioth.
1184 1974 1297 2004 autS’tor.
1315 1974 1418 2004 eccles.
1436 1982 1511 2005 tom.
1525 1979 1564 2006 11.
1583 1988 1614 2019 p.
1631 1987 1686 2014 390
1699 1979 1761 2021 sqq.

925 2034 968 2041 ——
990 2017 1078 2049 Sam.
1093 2016 1243 2058 Basnage
1257 2019 1289 2047 in
1302 2017 1407 2048 Annal.
1424 2018 1668 2059 politico-eccles.
1687 2030 1760 2053 tom.

924 2064 980 2091 111.
997 2071 1026 2101 p.
1043 2066 1086 2097 58.
1103 2067 1132 2090 et
1148 2070 1196 2099 72.
1222 2076 1263 2083 -
1284 2060 1349 2091 Iac.
1364 2061 1511 2101 Basnage
1527 2064 1559 2091 in
1576 2064 1709 2094 Histoire
1725 2065 1762 2095 de

924 2101 1043 2140 I'Eglise
1064 2113 1131 2144 pag.
1154 2108 1217 2139 634.
1241 2109 1321 2136 1082-
1339 2109 1420 2140 1084.
1437 2112 1501 2142 ¹¹57
1516 2103 1556 2145 sq.
1578 2114 1607 2135 et
1631 2107 1705 2143 1'330.
1720 2108 1761 2140 R.

926 2144 1033 2176 Ceiller
1054 2147 1158 2180 (cuins
1181 2145 1314 2175 sollertia
1336 2145 1552 2188 diligentiaque
1568 2149 1692 2180 multum
1717 2151 1761 2181 su-

925 2190 1045 2229 pei-anit
1060 2187 1180 2218 Oudini
1202 2187 1418 2229 indnssriam,)
1440 2191 1470 2219 in
1488 2192 1562 2221 Hist.
1586 2202 1688 2229 gener.
1710 2191 1762 2224 des

925 2240 1045 2261 auteurs
1060 2230 1162 2260 eccles.
1177 2239 1252 2261 tom.
1269 2235 1335 2263 VII.
1353 2243 1383 2273 p.
1399 2242 1465 2264 220.
1487 2250 1531 2258 ——
1555 2236 1687 2265 Histoire
1703 2242 1759 2267 hu.

924 2273 962 2303 de
979 2273 1007 2304 la
1024 2277 1153 2309 France‚
1179 2281 1252 2304 toni.
1267 2277 1290 2304 1.
1307 2285 1374 2316 pag.
1389 2281 1458 2307 266.
1477 2294 1521 2300 —
1544 2278 1570 2308 J.
1588 2278 1626 2308 G.
1642 2279 1760 2318 lf'm‘ct'z.

924 2318 956 2346 in
977 2318 1051 2348 Hist.
1073 2316 1176 2348 eccles.
1196 2319 1236 2348 N.
1251 2319 1294 2348 T.
1318 2328 1385 2359 pag.
1403 2328 1465 2356 1345
1481 2320 1542 2362 sqq.
1559 2329 1588 2351 et
1608 2323 1706 2364 pastio:
1730 2325 1768 2359 ir,

925 2359 997 2391 bibl.
1008 2360 1169 2403 patristicz.
1185 2375 1229 2385 —
1249 2358 1502 2395 Nath.La1·dner
1517 2366 1563 2394 in:
1584 2366 1770 2407 Crtttiibilz.y

1736 2421 1768 2444 tvi
