2023 2656
13 161 306 225 loIIX.p·i01P¹9²
573 192 577 199 ¹
632 169 889 225 Turonom
915 187 1016 224 Am.
1086 179 1087 182 ’
1311 189 1616 229 Limataxxx.
1666 196 1727 235 387

39 284 209 322 hendorus
224 282 504 332 DucaLafiaris,
532 285 680 332 imperat.
695 286 753 333 qui
769 285 843 319 a-C.
860 294 946 329 1259.
972 286 1057 333 patri
1073 284 1190 320 Ioanni
1204 284 1318 320 Ducae
1340 283 1495 321 suceessit.
1524 298 1555 321 v.
1578 283 1663 322 infra
1683 284 1723 322 ad

100 335 329 372 Theodorum
350 335 529 372 Lascarem.

37 421 226 465 heodoms,
255 420 427 458 archidiac.
445 419 635 468 Edeffimus,
670 419 726 456 sub
741 418 854 457 saeculi
870 423 944 457 XII.
968 424 1060 457 initia
1085 422 1211 462 clarus,
1237 424 1328 457 euius
1349 423 1487 469 capitula
1505 423 1581 461 CII.
1608 437 1724 472 graece

100 484 134 510 et
146 475 202 510 lat.
221 476 253 509 in
269 472 418 509 thesauro
437 472 493 508 suo
508 474 645 508 ascetico
663 474 809 522 vulgauit
834 474 955 508 Petrus
974 474 1137 520 Poffinus,
1173 473 1266 509 Paris.
1285 476 1375 516 1684.
1391 487 1423 517 4.
1448 489 1481 523 p.
1496 487 1565 521 345.
1619 479 1723 525 Qin-

101 530 258 575 quaginta
272 525 518 561 tantumlatine
535 535 609 559 ante
623 525 733 559 lucem
750 523 898 559 viderant
914 528 947 559 in
962 525 1173 560 bibliothecis
1189 527 1331 560 patrum.
1362 527 1458 562 Fabr.
1513 530 1631 575 Capita
1650 543 1721 563 cen-

101 586 174 613 tum
188 580 391 626 paraenetica
408 580 442 612 in
458 575 555 612 codd.
571 573 683 611 caesar.
701 577 815 611 CLVI.
832 588 861 619 7.
885 587 917 610 et
932 577 1142 612 CCXXXIV.
1159 588 1190 619 4.
1220 590 1250 611 v.
1269 579 1412 612 Lambec.
1429 579 1489 614 IV.
1514 592 1586 627 pag.
1604 590 1668 623 325.
1687 593 1724 615 ac

100 628 169 664 vol.
186 631 225 665 V.
252 643 283 677 p.
301 631 368 670 146.
395 630 475 663 etin
492 626 567 662 cod.
587 627 698 673 Paris]
715 629 961 663 DCCCLVIII.
982 641 1031 663 nr.
1048 639 1096 662 22.
1121 628 1196 663 bibl.
1219 629 1310 677 publ.
1338 648 1388 656 —
1441 633 1480 665 In
1502 630 1576 665 cod.
1600 633 1722 666 Bmcar.

99 681 200 720 XXV,
224 694 264 716 ex
290 680 447 728 capitibus
471 677 654 713 Theodori
674 677 825 714 Edeffeni
839 706 849 720 ‚
884 692 1027 715 numero
1049 682 1306 729 quinquaginta,
1337 695 1355 716 a
1377 683 1441 716 Iac.
1467 683 1621 717 pontano
1645 695 1722 718 cum

99 733 278 778 Symeonis
298 734 436 766 iunioris
460 740 556 765 oratt.
577 730 714 779 aliisque
736 729 920 778 opusculis,
953 730 1134 780 Ingolssad.
1158 733 1244 774 1603.
1268 731 1300 775 ’4.
1337 745 1367 768 ν.
1390 734 1515 768 Hardt.
1537 733 1559 769 I.
1577 748 1605 769 c.
1633 741 1721 777 1803.

100 796 183 832 part.
202 786 256 819 IV.
280 797 312 832 p,
328 794 378 826 34.
408 803 456 809 —
483 795 575 830 capp.
592 783 707 817 XLIV.
730 781 771 816 de
785 783 947 818 LXXXII.
964 785 999 818 in
1022 782 1096 818 eod.
1112 785 1244 819 Barocc.
1261 785 1413 820 CCXIV.
1443 805 1492 812 -—
1518 788 1622 834 capita
1639 784 1721 821 asce-

102 839 165 870 tica
185 839 218 870 in
235 836 310 871 cod.
331 835 390 869 Th.
407 835 488 869 Gale
502 836 591 869 CIII.
613 831 634 870 s.
653 846 745 869 num.
767 845 856 878 5937.
882 844 939 869 cat.
956 836 1053 870 MSS.
1070 835 1206 884 Angliae
1225 835 1268 869 II.
1286 849 1317 883 p.
1332 842 1402 875 188.
1429 856 1480 863 —
1506 850 1596 885 capp.
1615 837 1720 876 XCII.

100 891 136 922 in
151 886 226 922 cod.
245 888 376 924 Coislin,
393 886 542 923 CXXIV,
568 899 597 920 v.
616 885 800 930 IIIontflzuc.
817 885 896 920 Bibl.
914 885 1056 924 Coislin.
1071 900 1103 934 p.
1122 899 1192 932 199.
1207 897 1240 922 et
1253 889 1323 926 186.
1343 887 1383 922 de
1398 887 1473 923 cod.
1487 891 1589 926 CXII.
1614 887 1634 924 s.
1656 889 1721 924 coi.

103 938 248 974 Iefflone
276 951 386 973 reruni
413 937 592 972 moralium
619 949 658 971 ex
687 939 775 985 Opp.
797 935 962 985 scriptorr.
986 936 1097 973 eccles.
1133 958 1182 964 —
1233 941 1400 987 Fragmm.
1422 941 1564 976 Florent.
1589 943 1623 976 in
1646 940 1720 975 cod.

99 984 253 1027 Laui-eut.
273 991 372 1025 XXX.
395 989 476 1037 plut.
497 1001 546 1023 10.
577 990 722 1023 Bandini
742 989 834 1024 catal.
857 988 954 1024 codd.
971 1003 1019 1038 gr.
1035 992 1131 1028 Laus.
1148 992 1172 1024 I.
1195 1003 1225 1037 p.
1243 1001 1320 1033 494.
1340 989 1385 1038 sq.
1405 1011 1452 1017 —
1479 1005 1572 1040 capp.
1589 1001 1722 1027 centum

100 1044 136 1077 iu
152 1041 227 1077 cod.
246 1042 428 1090 Mosqmnst
441 1041 564 1076 XVIII.
589 1053 639 1075 nr.
658 1052 703 1075 12.
729 1051 824 1076 etur.
842 1053 882 1075 11.
904 1041 1029 1090 legitur
1048 1044 1111 1077 vita
1145 1042 1301 1076 Theodori
1323 1041 1481 1089 Edcffl’ai.
1508 1057 1536 1081 v.
1561 1045 1723 1079 Matthaei

100 1097 197 1128 norit.
223 1092 323 1128 codd.
346 1106 395 1140 gr.
419 1090 612 1140 Mosquens.
632 1104 706 1140 pag.
725 1100 776 1132 23.
798 1091 847 1127 ed.
871 1095 904 1127 in
927 1091 988 1128 fol.
1018 1111 1066 1119 -—-
1120 1093 1230 1128 Eiusd.
1255 1094 1317 1128 vita
1341 1093 1386 1128 est
1411 1098 1443 1130 in
1466 1094 1564 1130 codd.
1591 1095 1721 1132 Coislin.

103 1146 266 1182 XXXVII.
284 1146 402 1179 CXIX.
422 1145 586 1179 CCXXII.
611 1153 642 1177 et
655 1144 958 1179 CCCLXXXVIII.
986 1157 1016 1182 v.
1033 1145 1217 1190 ffiIontfimc.
1233 1145 1315 1180 Bibl.
1335 1146 1474 1181 coislin.
1492 1160 1567 1195 pag.
1583 1159 1638 1181 111.
1653 1159 1722 1191 192.

102 1203 178 1242 198.
199 1206 230 1231 et
251 1202 323 1240 584.
353 1215 401 1222 -
439 1194 573 1230 Iesuiabi
596 1194 686 1242 epist.
709 1195 750 1229 ad
777 1196 994 1235 Theodorum,
1021 1195 1292 1231 archidiaconum
1313 1195 1466 1232 Edeffen.
1492 1211 1524 1232 v.
1541 1197 1725 1244 Affemann.

101 1313 148 1337 no
164 1313 201 1334 ac
216 1311 290 1347 pag.
307 1309 371 1340 231.
389 1308 459 1340 232.
477 1308 551 1339 370.
579 1295 620 1331 de
636 1297 701 1332 alio
726 1298 842 1332 Dieod.
858 1296 1002 1344 Ea'effin.
1021 1309 1251 1347 cognomento
1269 1300 1403 1341 Sukair,
1430 1314 1458 1334 a.
1477 1306 1570 1340 1208,
1600 1302 1698 1336 Harl.

11 1384 238 1473 'Theoiprus
261 1385 431 1434 Ephqfius,
465 1383 594 1431 pistor,
631 1383 721 1417 cuius
743 1383 892 1417 Laertius
908 1384 952 1418 11.
978 1394 1049 1426 104.
1082 1386 1236 1419 meminit
1265 1398 1306 1420 ex
1325 1385 1550 1434 Theophanis
1574 1385 1660 1421 libro
1687 1383 1728 1421 de

34 1483 38 1487 .
105 1453 137 1488 Pl
175 1449 244 1472 ura.

13 1521 207 1562 theodorus
219 1552 229 1568 ‚
255 1517 518 1570 epigrammatum
535 1522 644 1568 po'e'ta.
696 1521 810 1558 Lacr-t,
821 1522 864 1555 II.
880 1532 952 1564 104.
978 1520 1158 1558 Theodori
1175 1525 1411 1571 epigrammata
1426 1520 1494 1558 duo
1513 1526 1547 1558 in
1564 1522 1729 1559 Antholo·

34 1610 37 1612 ,
101 1576 164 1625 gia.
191 1576 288 1610 Fabr.
341 1574 391 1608 Ex
419 1571 497 1619 Cyri
518 1571 696 1616 (domini)
738 1572 893 1607 Theodori
913 1574 1202 1622 epigrammatibus
1217 1574 1421 1614 tetrastichis,
1446 1577 1588 1610 heroicis
1606 1584 1635 1610 ct
1652 1579 1731 1609 iain-

104 1628 184 1662 bicis
200 1638 231 1661 et
247 1625 376 1673 elegiis,
401 1625 541 1658 Diablini
557 1627 591 1658 in
607 1621 682 1657 cod.
702 1624 974 1659 CCLXXXVIII.
990 1624 1068 1660 coll.
1086 1627 1117 1659 S.
1133 1626 1328 1666 Trinitatis,
1356 1624 1377 1659 s.
1395 1640 1445 1661 nr.
1460 1633 1535 1669 428.
1553 1636 1612 1662 cat.
1631 1628 1730 1665 MSS.

104 1678 245 1726 Angliae
264 1688 324 1710 etc.
353 1678 394 1710 II.
411 1687 440 1709 2.
469 1694 515 1700 —
571 1676 713 1709 Endncia
733 1677 766 1709 in
789 1675 898 1726 Ἰωνιξὶ
919 1690 951 1724 p·
968 1687 1037 1718 232.
1065 1672 1236 1726 Θεόδωρος
1258 1674 1415 1720 noim-²7¹5·
1443 1673 1478 1716 ὃς
1499 1677 1646 1729 ἔγραψε
1660 1673 1731 1716 ‹Imi-

88 1728 201 1780 ’φοςοι
223 1726 261 1768 δι’
277 1728 363 1766 ἐπῶν
377 1738 385 1746 ·
411 1742 469 1772 &qq
489 1725 534 1764 εἰς
555 1725 790 1775 Κλεοπάτραν
814 1724 852 1766 δι’
867 1728 967 1765 ἐπῶν.
1021 1727 1126 1764 Cous.
1141 1727 1234 1778 supra
1247 1756 1257 1771 ‚
1285 1728 1351 1764 vol.
1371 1730 1429 1764 IV.
1455 1742 1488 1779 p.
1504 1740 1581 1774 497.
1609 1730 1707 1765 Harl.

14 1818 62 1868 If]
88 1818 105 1838 *
117 1813 324 1852 Theodorus
340 1813 588 1862 Erechthiensis‚
615 1823 704 1859 parer
720 1811 869 1848 Isocratis
888 1814 1038 1857 rhetoris,
1058 1814 1135 1849 tesse
1150 1814 1326 1850 Plutarcho
1341 1825 1372 1850 et
1382 1815 1516 1861 photio,
1543 1814 1630 1864 apud
1649 1827 1733 1863 quos

105 1867 314 1956 Ξςῗξέἔῗως
329 1878 393 1914 pro
412 1865 603 1916 αἱςχιερέως
613 1864 797 1913 legendum
813 1878 853 1900 ex
870 1867 1037 1914 Stephano
1059 1869 1094 1902 in
1113 1867 1288 1917 Ἐξεχθίκ
1307 1877 1401 1902 notat
1417 1869 1595 1915 Menagius
1616 1879 1649 1916 p.
1668 1879 1733 1911 119.

13 2005 210 2046 Theodorus
244 2002 488 2050 Exapternsus,
525 2002 639 2037 rhetor
665 2000 818 2048 insignis,
848 2006 902 2050 qui
919 2004 1124 2051 Georgium,
1151 2003 1397 2052 Acropolitam‚
1424 2013 1458 2040 vt
1481 2003 1549 2054 ipse
1575 2019 1602 2040 c.
1619 2016 1666 2048 32.
1688 2014 1733 2040 te-

110 2057 226 2097 statur,
252 2055 399 2092 instituit.
426 2068 456 2089 v.
471 2053 631 2089 Allatium
647 2052 687 2089 de
703 2055 856 2103 Georgiis
868 2081 878 2096 ,
906 2069 979 2104 pag.
997 2066 1060 2099 351.

13 2143 215 2184 Theodorus·
232 2143 443 2182 Gadarenus,
474 2140 604 2181 rhetor,
633 2142 724 2174 cuius
742 2139 876 2176 auditor
890 2139 1006 2176 Rhodi
1023 2138 1085 2176 fuit
1101 2141 1259 2176 Tiberius
1276 2145 1357 2190 imp.
1409 2140 1494 2177 Vide
1509 2140 1601 2188 snpra
1617 2139 1668 2175 lib.
1681 2143 1736 2176 IV.

110 2212 138 2232 c.
154 2208 204 2240 32.
231 2207 304 2242 pag.
325 2200 401 2236 488.
432 2192 596 2238 [voI.V1.
620 2205 651 2240 p.
672 2203 738 2237 139.
763 2191 814 2227 ed.
839 2193 945 2238 nou.]
979 2195 1095 2228 citatur
1118 2206 1133 2226 a
1157 2194 1365 2241 Qintiliano
1382 2195 1440 2227 III.
1467 2206 1490 2228 1.
1532 2193 1736 2227 Theone¹in

109 2243 360 2298 progyinnasm.
412 2246 589 2292 Longino,
623 2245 859 2279 Fortunatiano
888 2245 1032 2292 aliisque.
1086 2241 1170 2278 Vide
1193 2247 1404 2292 Grangaeum
1427 2243 1466 2279 ad
1494 2243 1641 2279 quenal.
1658 2245 1734 2281 VII.

112 2312 179 2343 177.
209 2294 446 2332 casaubonum
468 2295 506 2329 ad
525 2297 660 2330 sueton.
685 2296 803 2330 Tiber.
831 2309 858 2330 c.
875 2307 924 2340 57.
957 2295 1007 2331 Ab
1023 2297 1087 2330 hoc
1104 2292 1164 2330 fuit
1181 2299 1278 2331 etiam
1294 2295 1499 2331 Theodorea
1517 2294 1620 2334 scola,
1654 2297 1739 2329 Stra-

112 2352 190 2386 boni
209 2360 239 2383 ct
258 2350 326 2383 aliis
346 2357 536 2382 memorata.
591 2349 717 2394 Scripta
735 2349 803 2381 eius
821 2350 906 2395 apul
928 2348 1066 2383 Snidam'
1086 2348 1131 2393 [et
1145 2349 1318 2382 Eadm-iam
1342 2361 1372 2391 p.
1392 2359 1463 2390 230.
1486 2345 1634 2391 Ἰωνιᾶς]
1665 2346 1739 2381 libri

114 2414 176 2439 tres
204 2400 280 2452 περὶ
305 2400 371 2438 τῶν
395 2401 424 2437 ἐν
455 2398 584 2448 φωνοῖὶς
606 2396 803 2449 ζητεμένων.
854 2401 934 2451 Περὶ
963 2400 1091 2449 ι’ςοςιιάς
1112 2393 1148 2434 α’.
1202 2399 1280 2450 Περὶ
1302 2399 1432 2439 θέσεως
1458 2397 1505 2439 α’.
1558 2399 1638 2448 Περὶ
1669 2393 1739 2434 ‹Iax-

1023 2452 1105 2487 Ccc
1131 2462 1150 2486 2
1607 2451 1739 2488 λέκτων

100 1248 181 1283 Bibl.
206 1247 355 1282 m'iental.
371 1250 454 1280 tomi
473 1249 557 1280 tertii
586 1255 667 1291 part.
684 1248 705 1279 1.
728 1259 761 1293 p.
783 1258 850 1288 143-
869 1258 899 1280 et
916 1247 983 1281 vol.
999 1247 1039 1282 II.
1063 1260 1094 1295 p.
1110 1258 1178 1291 325.
1205 1247 1245 1282 de
1264 1248 1448 1289 Theodoro,
1476 1247 1572 1297 episc.
1591 1247 1723 1285 Edesse-
1792 1288 1799 1294 ,
