2023 2656
234 122 294 165 633
346 118 419 160 Lib.
433 116 471 159 V
469 144 476 157 ι
488 116 646 160 ιιΧΧΓ.
858 116 1052 157 OPERVM
1077 115 1255 155 MAXIMI
1279 115 1473 155 CODICES

240 214 316 254 cod.
337 216 484 253 CLVIII.
505 227 554 250 nr.
572 225 619 249 21.
639 209 757 263 fragm.
775 210 816 248 de
833 209 945 248 diuina
961 214 1117 248 incarnat.
1142 231 1190 239 —-
1211 216 1246 248 in
1259 210 1358 251 codd.
1375 194 1521 248 CXCIV.
1538 209 1854 252 et-CXCVIj'multa
1876 216 1957 264 opp:
2022 195 2023 198 Ἴ

241 283 291 305 nr.
310 279 440 305 1-10.
463 267 592 307 (Lamb.
614 265 675 304 IV.
696 276 770 314 pag.
791 275 864 308 340.
892 266 966 307 463.
990 263 1060 313 sqq.
1083 273 1114 301 et
1137 266 1214 312 469.
1240 262 1326 312 sqq.)
1347 283 1396 289 —
1417 266 1452 298 iu
1469 262 1543 298 cod.
1563 265 1707 299 CLXIV.
1725 277 1771 301 nr.
1787 279 1818 311 9.
1842 270 1957 303 citatur

242 322 413 356 Maximus
426 319 462 353 de
479 318 605 365 miseria
619 324 649 352 et
664 319 817 351 breuitate
840 319 922 351 vitae
943 316 1103 351 humanae.
1122 334 1171 341 ——
1194 318 1229 350 in
1252 314 1326 350 cod.
1350 317 1484 350 CLXV.
1499 328 1548 350 nr.
1572 316 1602 348 6.
1629 316 1771 352 Maximi
1798 315 1957 367 fragium.
2021 317 2023 320 ’

243 369 311 406 duo
325 372 361 405 de
376 371 516 417 triginta
527 371 697 417 argenteis,
715 370 826 415 quibus
842 366 986 412 Christus
1002 368 1147 402 venditus
1161 366 1215 413 est,
1232 377 1262 402 et
1277 368 1314 402 de
1330 367 1493 402 ordinibus
1507 366 1684 415 ecclesiastic.
1703 381 1722 402 α
1741 368 1865 416 Clu-isto
1880 382 1959 417 gra-

242 424 342 458 datim
352 419 591 467 administratis.
614 420 742 465 (Lamb.
759 421 815 455 IV.
831 431 863 466 p.
881 420 954 461 368.
971 427 1001 453 et
1012 422 1102 463 379.)
1119 437 1167 444 —
1184 419 1219 452 in
1235 416 1311 453 cod.
1328 419 1472 454 CCXLI.
1489 430 1537 452 nr.
1555 430 1579 453 1.
1596 416 1749 467 fragmm.
1765 423 1801 455 in
1816 423 1959 463 Ioannis,

242 474 443 524 patriarchae
458 471 626 514 Antioefz„
644 470 770 519 eclogia
784 468 1080 515 asceticis.‘(Lamb.
1099 473 1138 506 V.
1149 471 1191 518 .'P·
1209 473 1297 514 225.)
1321 488 1369 496 —
1391 471 1425 503 in
1447 466 1522 504 cod.
1545 471 1752 509 CCXLVIII.
1772 485 1821 507 nr.
1846 484 1888 508 11.
1910 473 1959 518 (et

241 530 279 562 in
296 523 371 563 cod.
397 525 529 560 Tauria.
545 526 615 559 CC.
635 536 664 561 v,
682 532 740 558 cat.
757 535 789 570 p.
807 521 899 565 300.)
920 523 1024 569 capita
1040 522 1078 556 X.
1103 528 1214 557 contra
1229 521 1367 562 Arium,
1394 521 1574 561 Sabellium,
1598 520 1780 566 Nestorium
1802 530 1832 558 et
1853 524 1960 572 Euty-

244 578 339 616 chem
364 589 412 613 nr.
429 586 472 611 12.
498 573 587 610 aliud
602 583 696 625 caput
710 580 819 610 contra
833 572 989 611 Arianos.
1040 572 1169 618 (Lamb.
1184 576 1224 609 V.
1248 586 1280 622 p.
1299 576 1385 616 291.)
1410 591 1462 599 -—
1482 574 1518 607 in
1532 571 1606 609 cod.
1624 574 1816 610 CCLXVII.
1839 588 1888 611 nr.
1911 586 1961 618 41.
2020 605 2021 608 ,

245 637 396 676 excerpta
417 640 457 662 ex
477 628 619 664 Maximi
644 639 722 675 opp.
745 623 899 661 asceticis.
924 624 1059 670 (Lcrmb.
1083 628 1122 661 V.
1143 637 1218 673 pag.
1242 626 1342 667 436.)
1363 643 1409 651 -—
1435 627 1469 659 in
1494 622 1569 660 cod.
1594 625 1829 661 chxxxm.
1852 637 1914 662 nr.⁴
1929 637 1959 661 2.

244 676 400 728 fragium.
416 681 449 712 in
467 681 627 724 anonymi
644 676 812 713 cuiusdam
827 679 986 724 excerptis
1000 674 1177 712 miscellan.
1199 689 1238 711 ex
1266 677 1319 710 SS.
1338 686 1368 710 et
1389 676 1529 723 patribus
1552 684 1612 711 etc.
1633 676 1800 721 (Lambec.
1821 680 1862 714 V.
1883 690 1958 727 pag.

243 731 337 775 474.)
361 749 410 760 --σ
433 732 468 765 in
484 728 558 765 cod.
574 732 629 765 XI.
647 744 696 766 nr.
710 735 730 769 8
747 738 852 770 -24.
877 727 980 763 multa
995 729 1137 764 Maximi
1154 740 1253 776 opera
1274 737 1306 763 et
1326 727 1492 774 epistolae.
1518 740 1547 762 v,
1569 728 1704 763 Keller-ii
1729 727 1887 777 supplem.
1908 727 1960 764 ad.

245 782 397 819 Lambec.
413 793 446 828 p.
463 787 506 826 98
521 799 562 807 -
576 793 645 824 1c4.
667 800 716 807 —
738 779 831 816 Idem
852 778 929 815 ibid.
952 793 984 827 p.
1006 791 1078 822 772.
1102 778 1147 828 sq.
1167 779 1207 814 de
1230 777 1303 814 cod.
1326 779 1520 816 CXXXVII.
1546 776 1585 814 de
1606 781 1759 814 vaticinio
1783 780 1822 815 de
1845 780 1960 820 CPoh'.

246 832 339 883 quod
351 834 456 869 Leoni
480 831 543 880 sap.
566 833 728 869 tribuitur.
752 850 801 858 --
832 831 975 867 Venetiis
993 833 1027 866 in
1050 830 1124 866 bibl.
1148 832 1255 866 Marci
1277 828 1352 866 cod.
1376 832 1538 867 CXXXII.
1563 827 1728 865 sermones
1747 833 1802 866 IX.
1821 830 1960 873 ascetici,

245 883 321 920 cod.
347 885 509 919 CXXXV.
534 882 623 931 epist.
645 881 685 918 ad
711 883 805 918 Ioan.
837 880 1090 919 Cubicularium
1120 891 1151 916 et
1180 881 1240 916 alia
1271 879 1383 930 opusc.
1421 900 1471 907 —-
1511 879 1587 916 cod.
1617 884 1796 918 CXXXVI.
1826 892 1858 918 et
1885 880 1961 920 cod.

245 935 440 974 CXXXVII.
462 946 571 982 opera.
594 953 643 961 —
671 931 746 969 cod.
765 934 1007 969 CCCCXClV.
1024 931 1184 981 quaedam
1197 931 1307 981 opusc.
1332 952 1381 959 ·-
1403 931 1478 967 cod.
1498 934 1756 971 CCCCXCVII.
1774 944 1805 969 et
1830 936 1862 969 in
1887 933 1962 970 cod.

243 986 407 1036 sequenti,
435 988 484 1031 (in
500 997 568 1034 quo
586 988 683 1021 etiam
698 984 769 1021 sunt
784 986 926 1021 Maximi
942 997 1033 1032 capp.
1052 986 1165 1019 XLIV.
1188 984 1394 1033 theologica,
1416 986 1536 1031 pariter
1559 987 1594 1018 in
1609 983 1682 1020 cod.
1701 986 1870 1024 Vaticano,
1886 985 1964 1021 teste

245 1037 427 1084 Montfizuc.
440 1035 516 1072 bibl.
536 1037 685 1072 biblioth.
700 1038 796 1072 MSS.
814 1038 838 1071 1.
862 1048 894 1084 p.
911 1037 942 1070 6.
961 1036 1015 1076 C.)
1040 1033 1160 1084 fragm.
1173 1034 1334 1072 sermonis
1352 1035 1391 1070 de
1405 1047 1454 1078 30.
1475 1038 1654 1083 argenteis,
1678 1037 1794 1085 quibus
1815 1037 1964 1073 Christus

245 1088 394 1127 venditus
409 1088 474 1132 οῦς
497 1086 663 1124 diuersum
678 1102 696 1124 a
711 1086 830 1137 fragm.
847 1091 882 1122 in
899 1086 974 1122 cod.
996 1086 1110 1122 caesar.
1131 1106 1178 1113 -—-
1202 1090 1236 1121 in
1254 1086 1328 1123 cod.
1346 1089 1434 1123 DIV.
1459 1088 1562 1121 multa
1578 1089 1670 1123 Max.
1687 1086 1842 1136 opuscula
1864 1099 1894 1124 et
1910 1098 1964 1125 ex·-

244 1151 372 1190 eerpta,
397 1144 481 1181 inter
496 1138 570 1185 illa,
591 1140 788 1187 definitiones
811 1140 1034 1185 explanantes,
1064 1139 1144 1185 quid
1150 1141 1198 1189 sit
1221 1137 1347 1185 eſjkntia
1370 1146 1400 1174 et
1419 1145 1554 1179 natura,
1578 1138 1714 1184 persona
1736 1147 1766 1174 et
1784 1139 1964 1190 kypffltfi5‚
2014 1155 2023 1158 ·

234 1194 384 1244 similiter
412 1191 710 1240 quidfitbstantiale
731 1199 761 1226 ct
783 1189 1049 1237 corifulgstantiale.
1077 1209 1129 1216 ·-—-
1152 1192 1193 1227 In
1217 1188 1291 1227 cod.
1314 1192 1421 1225 DVII.
1444 1188 1603 1237 quaedam
1621 1189 1730 1237 opusc.
1755 1211 1802 1218 —
1830 1194 1866 1227 in
1887 1190 1965 1227 cod.

245 1245 363 1281 DXXI.
384 1245 479 1279 Max.
497 1241 684 1292 dogmatica
707 1240 888 1285 vtilissima3
916 1244 1052 1290 exponit
1073 1242 1190 1277 auctor
1209 1244 1375 1276 variorum
1400 1242 1642 1276 haereticorum
1662 1241 1826 1284 haereses,
1847 1243 1965 1291 quibus

246 1297 389 1344 opponit
404 1292 556 1329 ecelesiae
570 1293 799 1335 definitiones,
828 1291 892 1327 vid.
908 1293 1002 1341 plura
1017 1295 1052 1327 in
1067 1302 1127 1328 cat·
1149 1291 1247 1328 codd.
1264 1306 1314 1341 gr.
1333 1294 1437 1328 Mare.
1461 1305 1492 1340 p.
1510 1303 1562 1336 77.
1579 1298 1632 1335 78.
1649 1305 1701 1337 79.
1718 1299 1788 1338 258.
1802 1296 1876 1328 260.
1894 1295 1964 1329 261.

248 1348 324 1382 266.
340 1357 412 1389 272.
430 1354 504 1385 280.
528 1365 577 1373 --
598 1347 636 1380 In
653 1344 729 1381 cod.
746 1346 870 1382 Veneto
883 1346 989 1383 Marc,
1006 1346 1169 1380 CCLVII.
1186 1353 1337 1392 excerpta
1360 1346 1392 1377 in
1413 1343 1581 1390 florilegio
1604 1343 1769 1391 quodam:
1789 1344 1984 1391 Definitio--

245 1412 300 1435 nas
315 1400 422 1433 variae
437 1410 477 1433 ex
492 1394 626 1434 diuersis
644 1397 830 1434 auctoribus
844 1395 939 1432 sacris
960 1406 990 1431 et
1003 1393 1163 1443 profanis.
1187 1409 1217 1430 v.
1233 1395 1291 1429 cel.
1308 1396 1438 1431 Morelli
1454 1394 1531 1429 bibl.
1554 1394 1663 1430 MSSt.
1686 1407 1736 1443 gr.
1759 1405 1791 1431 et
1809 1395 1864 1431 lat.
1885 1396 1909 1430 1.
1931 1408 1963 1444 p.

248 1461 320 1495 144.
342 1468 390 1475 -
420 1450 572 1489 Taurini,
593 1449 733 1497 plurima
752 1461 830 1497 opp.
848 1451 883 1483 in
895 1445 970 1482 cod.
985 1444 1155 1496 quondam
1172 1448 1264 1495 regio
1275 1449 1365 1482 XXV
1368 1476 1376 1485 .
1392 1446 1436 1480 ib.
1452 1448 1486 1480 in
1501 1442 1574 1484 cod.
1588 1446 1720 1481 XXXV.
1738 1460 1769 1482 v.
1789 1457 1848 1484 cat.
1864 1445 1965 1487 codd.

249 1516 299 1553 gr.
315 1502 419 1536 Taur.
435 1513 466 1548 p.
482 1511 537 1544 94,
553 1499 620 1549 sqq,
637 1510 667 1535 et
683 1511 753 1543 140.
767 1499 835 1548 sqq.
859 1518 908 1525 ·-
932 1498 1042 1534 Multa
1059 1501 1090 1532 in
1109 1497 1184 1533 cod.
1208 1499 1325 1533 LVIII.
1348 1496 1429 1532 ibid.
1453 1509 1482 1543 p.
1505 1503 1570 1540 158‚
1592 1495 1635 1545 sq.
1658 1498 1711 1532 vbi
1735 1500 1852 1535 audior
1872 1498 1963 1534 catal.

247 1567 288 1590 ex
303 1553 420 1588 vltimo
438 1551 562 1587 codicis
578 1551 689 1600 opusc.
706 1549 729 1586 s.
745 1551 916 1586 coltefflone
935 1550 1070 1585 locorum
1090 1549 1135 1585 V.
1155 1550 1192 1584 T.
1209 1551 1382 1597 anagogice
1395 1549 1635 1594 explanatorum
1651 1557 1710 1584 etc.
1724 1562 1792 1585 exc.
1810 1563 1849 1585 ex
1857 1552 1968 1586 Maxi-

249 1618 306 1641 mo
321 1603 456 1652 aliisque
471 1600 561 1638 dedit
574 1601 749 1651 specimen.
773 1621 824 1630 —-
848 1605 900 1639 De
915 1599 1014 1637 codd.
1029 1603 1126 1650 regiis
1144 1601 1305 1646 Neapolis.
1331 1613 1361 1636 v.
1380 1609 1440 1635 cat.
1456 1599 1594 1635 illorum
1611 1596 1703 1648 supra
1719 1603 1753 1636 in
1772 1601 1837 1637 vol.
1856 1605 1898 1638 V.
1916 1616 1968 1638 nr.

250 1668 279 1692 2.
307 1666 353 1700 55.
374 1665 404 1689 et
425 1665 496 1699 205.
526 1674 578 1681 ·-—-
606 1656 776 1690 Ferrariae
795 1657 830 1689 in
856 1653 931 1688 bibl.
959 1652 1213 1690 carmelitarum
1239 1649 1435 1700 opusculum
1458 1649 1649 1700 quoddam,
1673 1651 1865 1688 Damasceni
1887 1665 1967 1702 opp.

249 1706 427 1743 adtextum.
450 1719 481 1741 v.
499 1707 617 1743 Franc.
629 1705 710 1741 Ant.
726 1706 916 1741 Zacchariae
931 1707 993 1740 iter
1009 1702 1107 1739 litter.
1124 1715 1182 1751 per
1205 1703 1275 1738 Ital.
1302 1716 1376 1752 pag.
1401 1705 1464 1737 161.
1494 1721 1542 1729 —
1596 1702 1693 1738 Plura
1713 1716 1791 1753 opp.
1809 1706 1844 1739 iu
1867 1702 1967 1740 codd.

251 1757 329 1793 bibl.
345 1757 554 1804 Escorial.de
570 1758 686 1807 quibus
701 1770 731 1791 v.
746 1758 850 1793 Pliier
872 1759 980 1791 itiner.
1003 1768 1064 1804 per
1084 1753 1177 1803 Hisp.
1201 1761 1266 1794 181.
1287 1753 1344 1790 sub
1369 1758 1508 1790 nomine
1535 1756 1680 1794 Μακὶφηᾱ,
1702 1774 1754 1782 --
1776 1756 1912 1792 Matr-iti
1932 1757 1967 1790 in

249 1808 326 1845 bibl.
351 1811 455 1856 regia,
481 1808 555 1844 cod.
572 1811 658 1845 XIV.
678 1823 696 1844 a
714 1808 842 1854 Callisto
857 1806 1017 1857 quodam,
1032 1806 1285 1847 hierodiacono,
1308 1809 1393 1842 circa
1409 1804 1487 1842 saec.
1502 1808 1606 1841 XVII.
1625 1805 1801 1841 dimidium
1821 1815 1966 1847 exarato,

251 1875 302 1897 nr.
321 1871 363 1904 15.
381 1862 427 1894 16.
445 1872 494 1902 30.
510 1866 560 1903 38.
577 1858 736 1909 quaedam
751 1861 892 1896 Maximi
910 1862 994 1894 inter
1008 1861 1116 1894 varios
1133 1867 1265 1907 patrum
1280 1855 1432 1894 asceticos
1450 1856 1615 1893 sermones
1633 1865 1693 1893 etc.
1718 1870 1747 1893 v.
1771 1858 1884 1892 Iriart.
1905 1867 1966 1893 cat.

251 1909 351 1948 codd.
374 1924 422 1959 gr.
446 1912 569 1950 Mati-it,
592 1925 667 1958 pag.
692 1923 740 1953 33.
761 1908 828 1960 sqq.
849 1929 899 1939 -ε
921 1912 1076 1958 Mnsqzme
1099 1913 1134 1944 in
1156 1909 1233 1946 bibl.
1257 1907 1375 1955 synod.
1398 1907 1497 1945 codd.
1527 1911 1586 1947 111.
1616 1909 1672 1946 XI.
1697 1911 1786 1945 XIII.
1811 1918 1843 1944 et
1865 1911 1968 1946 XXV.

252 1964 393 2000 Maximi
408 1959 526 2010 fragm.
545 1975 574 1997 v.
592 1961 633 1997 cl.
647 1963 808 1997 Matthaei
822 1965 916 1997 notit.
936 1961 1034 1997 codd.
1051 1975 1100 2009 gr.
1117 1963 1251 2010 Moxqu.
1269 1974 1301 2008 p.
1319 1972 1351 2002 4.
1370 1961 1419 1994 16.
1438 1972 1487 1994 22.
1505 1968 1536 1994 et
1554 1961 1605 2001 36.
1620 1977 1671 1985 —-
1722 1962 1774 1996 De
1799 1958 1874 1996 cod.
1895 1972 1968 1996 mo-

252 2015 330 2051 nast.
348 2015 496 2062 Crypto·
507 2015 665 2052 Feri-atae,
685 2015 741 2060 qui
756 2014 904 2048 eontinet
919 2014 1062 2047 Maximi
1078 2023 1155 2060 opp.
1171 2021 1202 2046 et
1218 2010 1291 2046 cod.
1308 2023 1376 2059 reg.
1393 2011 1667 2047 MMCMXLIV.
1683 2014 1717 2047 in
1737 2024 1805 2061 quo
1826 2010 1900 2048 sunt
1919 2024 1969 2047 va-

251 2069 299 2103 ria
316 2067 458 2103 Maximi
474 2077 552 2113 opp.
578 2078 606 2098 v.
623 2064 806 2109 lifontfimc.
825 2066 859 2098 in
873 2063 1042 2111 Palaeogr.
1058 2076 1108 2111 gr.
1126 2077 1159 2111 p.
1176 2073 1226 2107 45.
1242 2073 1272 2098 et
1293 2073 1342 2107 50.
1368 2081 1419 2087 -—
1471 2060 1564 2097 {dem
1583 2062 1711 2099 in‘bibl.
1729 2063 1861 2100 Coislin.
1883 2064 1968 2099 mul-

255 2127 304 2153 tos
325 2114 465 2152 recenset
480 2114 580 2152 codd.
595 2118 631 2151 in
648 2116 764 2164 quibus
780 2115 831 2150 vel
847 2114 954 2162 plura,
971 2114 1022 2151 vel
1037 2117 1188 2162 pauciora
1200 2140 1209 2156 ‚
1231 2126 1309 2162 opp.
1326 2122 1381 2162 aut
1397 2110 1444 2148 fra
1473 2126 1552 2149 mm.
1575 2118 1633 2155 (vt
1648 2116 1681 2150 in
1703 2117 1855 2158 catenis‚)
1879 2127 1970 2163 repe-

253 2171 400 2209 riuntur,
424 2180 507 2217 quos
522 2166 709 2216 singulatim
724 2165 867 2204 indicare
885 2179 954 2201 non
971 2175 1078 2207 vacat,
1104 2175 1134 2200 ct
1153 2165 1269 2214 quibus
1285 2167 1405 2212 partim
1426 2126 1498 2200 vsus
1522 2163 1567 2200 est
1586 2164 1825 2208 Combefifius‚
1849 2179 1878 2202 v.
1892 2178 1968 2215 pag.

255 2222 310 2254 60.
334 2229 390 2252 111.
405 2228 473 2259 142.
499 2219 552 2253 vbi
577 2217 651 2253 cod.
673 2220 742 2254 XC.
766 2217 991 2253 memorabilis
1013 2214 1214 2261 recensetur,
1236 2219 1293 2265 qui
1312 2215 1476 2265 permulta
1498 2228 1598 2264 opera
1622 2219 1789 2259 continet,
1812 2224 1843 2252 et
1864 2217 1970 2253 multa

256 2267 409 2320 quidem,
432 2281 514 2316 quae
536 2266 691 2307 Combrf.
714 2271 810 2305 tertio
825 2279 919 2304 tomo
941 2267 1136 2306 destinabat,
1162 2265 1217 2304 sed
1241 2266 1337 2302 edere
1355 2279 1426 2302 non
1451 2269 1577 2315 potuit,
1599 2265 1672 2302 fatis
1694 2270 1900 2317 interceptus.
1926 2268 1970 2304 ib.

255 2334 288 2371 p.
306 2322 375 2360 186.
392 2332 455 2366 ¹9¹-
475 2331 538 2367 ,²93·
556 2321 618 2366 bis,
642 2332 716 2356 200.
740 2320 805 2363 bis,
831 2330 902 2365 305.
923 2320 997 2363 306.
1020 2329 1091 2362 307.
1112 2330 1232 2368 magna
1250 2330 1390 2369 operum
1404 2330 1495 2368 pars:
1517 2318 1571 2364 ,vbi
1594 2327 1625 2354 et
1636 2330 1736 2373 pagg.
1750 2317 1819 2371 sqq.
1839 2316 1969 2359 Montf.
2022 2336 2023 2364 i

1885 2373 1970 2420 typis
2021 2382 2023 2394 ³
