2023 2656
8 162 19 165 s
47 146 112 179 vjoi.
130 145 204 173 Vffl·
219 152 310 180 12-320
570 145 699 180 AETn
725 145 894 179 MEDICI
921 144 1115 180 CODICES
1137 161 1140 164 ⁴
1323 138 1395 178 Lib.
1413 140 1500 180 Vc.
1513 141 1596 179 XV
1590 139 1661 178 ΠΙ.
1709 151 1769 185 231

47 182 306 196 μ’..-

47 239 192 279 biberet,
222 246 252 287 et
277 237 426 274 nudiores
453 241 487 272 in
513 226 750 285 compendium
780 233 952 286 redige-ret.
1003 237 1095 271 Hinc
1119 238 1218 269 etiam
1243 249 1260 270 a
1288 234 1436 275 Galeno,
1462 247 1531 285 quo
1557 244 1666 269 tamen
1692 247 1769 282 prae

47 292 160 325 ceteris
188 289 354 329 vt'ebatur,
391 299 422 323 et
449 290 538 323 cuius
569 289 664 323 rerba
689 285 855 322 interdum
883 285 1002 322 fecerat
1028 285 1100 327 sua,
1143 288 1222 321 hinc
1248 285 1344 327 inde,
1383 295 1415 320 vt
1443 296 1521 333 pote
1558 289 1612 334 qui
1639 287 1770 321 metho-

46 338 139 375 dicae
164 336 266 374 seclae
293 342 403 386 potius
431 337 580 374 addictus
607 336 695 379 effer,
720 338 818 385 quain
845 338 1030 381 Galenicae,
1059 335 1192 373 receffit.
1245 339 1322 385 Qo
1349 336 1457 372 modo
1482 346 1590 371 autem
1618 337 1682 372 dici
1714 336 1770 372 ille

43 389 142 441 possit
167 390 394 431 medrodicm,
422 388 574 438 exposuit
599 390 752 437 Weigel‚
787 388 961 438 idemque,
983 402 1061 438 quas
1088 391 1163 423 artis
1190 385 1333 424 salutaris
1358 398 1463 437 partes
1489 402 1526 422 ac
1552 400 1615 436 qua
1642 390 1769 422 ratione

3 462 5 464 ·
43 442 187 478 tractarit
224 445 351 482 Aetius.
394 441 537 476 breuiter
568 440 724 489 quidem,
767 451 796 475 at
828 441 1020 489 diligenter,
1061 442 1204 488 opinor,
1248 440 1417 488 explicuit.
1483 440 1636 487 Denique
1669 436 1767 473 codd.

44 492 135 529 editt.
165 503 196 526 et
224 502 518 533 commentatores,
545 504 606 527 nec
634 504 712 525 vero
739 503 866 533 omnes,
896 502 927 526 et
955 492 1107 532 breuiter,
1134 494 1295 526 nominat.
1349 490 1462 527 Multo
1487 492 1627 525 curatius
1654 487 1769 524 fufius-

44 556 110 593 que
138 543 294 591 dogmata
322 545 407 579 Aetii
437 546 592 591 propria,
624 539 726 576 miffis
759 555 875 577 eorum
904 543 1047 591 placitis,
1085 555 1169 590 quae
1202 542 1259 577 ille
1294 540 1511 590 excerpserat,
1546 539 1704 580 recenset,
1739 548 1770 574 et

41 592 209 631 interdum
237 597 415 635 examinat,
443 591 622 641 pancisde
650 595 737 627 A'e'tii
765 596 828 627 vita
855 606 988 642 arteque
1011 593 1210 642 praemissis,
1234 594 1293 629 cel.
1323 593 1405 630 Cart
1418 594 1581 640 Sprengel.
1610 594 1661 626 in:
1686 594 1768 626 Ver·

42 644 121 682 such
147 648 238 680 einer
260 644 521 693 pragmatischen
548 643 741 679 Geschichte
768 643 825 679 der
851 644 1104 686 Arzneikunde.
1132 654 1214 692 part.
1241 647 1282 680 ΙΙ.
1305 646 1411 680 Halae
1427 656 1527 688 '1793.
1558 649 1587 683 8.
1615 655 1688 691 pag.
1707 653 1769 686 199

42 707 175 740 -—209.
230 698 332 731 Hunc
358 705 467 730 autem
496 694 678 743 Aesculapii
703 694 765 730 filii
792 694 851 743 ipsi
878 695 1068 740 consulent,
1101 706 1156 731 aut
1190 698 1322 731 Aetium
1355 693 1462 745 ipsum
1494 696 1618 744 legent.
1680 695 1769 728 Nam

41 749 200 784 Boerluzu.
227 750 262 782 in
290 746 451 782 methodo
480 745 575 781 studii
602 743 690 781 med.
717 747 765 794 (p.
793 758 865 789 432,
895 745 1003 782 Lond.
1033 753 1122 791 1728,
1153 753 1183 786 8,
1217 750 1264 782 vti
1298 750 1410 783 citauit
1443 746 1590 794 VVeigel.
1622 757 1653 792 p.
1684 756 1715 788 4.
1746 741 1767 778 s.

39 813 74 850 p.
102 804 174 841 830.
208 796 253 846 sq.
287 808 367 845 part.
393 800 481 837 XIV,
508 797 662 832 methodi
690 798 889 833 emaculatae
906 808 937 833 et
964 799 1074 833 access‘.
1103 799 1322 846 locupletatae
1350 800 1389 834 ab
1415 798 1550 834 Alb-crta
1576 799 1614 830 ab
1641 795 1768 835 chller,

40 853 100 900 qui
124 853 160 884 in
188 859 259 884 110!-
285 863 312 887 a.
344 862 445 897 pauca
472 847 514 884 de
540 859 608 883 arte
634 850 722 882 A'e'tii
748 847 1014 898 editionibusque
1039 849 1227 898 adscripsit,
1253 860 1337 889 tom,
1365 853 1406 885 II.
1435 848 1571 884 Amstel.
1597 857 1681 891 1751.
1709 844 1768 892 4.)

1 906 5 908 ’
39 928 63 948 ‚‚
74 903 222 950 quoties,
246 901 307 940 ait,
335 903 408 949 quis
435 901 508 936 vult
535 899 576 934 de
602 900 724 935 morbo
752 912 966 949 quocumque
992 899 1142 940 scribere,
1167 899 1294 949 semper
1319 905 1354 937 in
1380 900 1490 936 indice
1516 902 1604 948 prius
1633 898 1769 932 euoluat

38 952 192 990 Ak'tiacm:
218 950 328 986 nullus
353 954 442 986 enim
470 950 625 999 scriptor,
654 964 695 986 ex
722 963 789 999 quo
814 949 986 999 possumus
1013 952 1154 994 discere,
1195 951 1276 1002 quid
1308 956 1527 1002 Hippocrates
1559 959 1590 985 et
1624 949 1768 985 Galenus

39 1003 82 1039 de
107 1003 234 1038 morbis
261 1001 431 1043 censuere,
459 1016 559 1051 quam
584 1015 625 1037 ex
651 1004 761 1037 Aetio.
813 1004 901 1037 Nam
929 1005 974 1037 vti
1002 1004 1214 1045 Iustinianus,
1248 1018 1350 1052 quum
1378 1002 1551 1052 panduflas
1577 1003 1656 1036 iuris
1683 1001 1768 1047 peri-

38 1066 150 1092 torum
174 1053 367 1100 colligeret,
394 1052 498 1095 instit,
523 1056 614 1102 prius
641 1054 756 1088 euolui
784 1065 900 1088 omnes
926 1052 1119 1103 scriptores3
1158 1055 1202 1090 fic
1235 1053 1313 1091 feeit
1342 1058 1472 1091 Aetius:
1516 1056 1551 1089 in
1584 1052 1643 1087 illo
1678 1053 1768 1085 enim

36 1107 245 1143 inueniemus
273 1105 441 1146 auctores,
470 1118 554 1153 quos
581 1107 819 1152 ignoraremus,
832 1109 855 1123 ‘⁶
882 1122 932 1130 ·—
963 1106 1041 1144 Alb.
1067 1108 1104 1141 de
1131 1107 1254 1142 Haller.
1288 1110 1322 1141 in
1351 1107 1427 1141 bibl.
1456 1103 1640 1140 medicinae
1666 1101 1766 1149 praet.

36 1168 121 1193 tom.
148 1158 174 1191 1.
202 1168 276 1204 pag.
305 1167 379 1200 299.
403 1153 471 1203 sqq.
500 1155 660 1204 quaedam
687 1154 728 1189 de
751 1157 850 1190 Aetio
878 1155 996 1190 tradit:
1023 1156 1189 1204 copiosius
1216 1155 1315 1192 refert
1341 1165 1532 1205 argumenta
1560 1153 1769 1201 singulorum

35 1209 218 1246 librorum:
260 1215 330 1241 tum
351 1203 448 1243 codd.
477 1207 587 1244 MSSc,
610 1204 772 1240 editiones
799 1216 897 1254 atque
924 1218 1203 1242 commentatores
1229 1211 1359 1256 paucis.
1403 1220 1464 1242 nec
1490 1205 1587 1254 plene
1619 1214 1767 1238 comme-

35 1267 154 1295 morat.
205 1255 293 1295 Add.
317 1255 464 1291 eiusdem
493 1256 569 1291 bibl.
597 1257 707 1292 botan.
735 1266 818 1292 tom.
847 1260 873 1292 I.
900 1271 932 1305 p.
961 1267 1024 1303 158.
1052 1257 1119 1307 sqq.
1148 1268 1180 1294 et
1207 1269 1289 1294 tom.
1316 1261 1358 1294 11.
1385 1262 1419 1294 in
1445 1255 1603 1292 addendis
1631 1268 1661 1302 p.
1691 1255 1766 1296 637.

36 1309 139 1349 eiusd‚
166 1309 246 1347 bibl.
277 1318 422 1343 anatom.
451 1316 532 1342 tom.
561 1311 586 1343 Ι.
622 1320 696 1356 pag.
725 1310 791 1346 116.
826 1318 860 1342 et
885 1309 961 1344 bibl.
989 1312 1166 1358 chirurgic.
1193 1314 1218 1343 1.
1240 1323 1330 1358 ‚pag
1359 1321 1426 1354 105.
1453 1333 1502 1339 —
1553 1308 1767 1352 Hambcrger.

36 1361 160 1397 zuverl.
193 1360 315 1397 Naehr.
350 1362 407 1394 III.
442 1370 474 1406 p.
509 1364 580 1401 283.
612 1357 683 1408 sqq.
742 1361 772 1393 Is
810 1362 897 1394 Ae'tii
932 1370 1070 1396 aetatem
1100 1359 1200 1396 refert
1235 1362 1275 1396 ad
1307 1375 1333 1395 a.
1365 1365 1442 1397 circ.
1471 1371 1546 1405 500,
1575 1377 1624 1384 ——
1677 1356 1768 1392 Saxii

36 1411 210 1451 onomast.
238 1413 281 1449 ΙΙ.
306 1423 339 1460 p.
367 1421 414 1453 33.
443 1408 511 1459 sqq.
544 1420 576 1446 et
603 1412 638 1446 in
664 1409 813 1446 Aualeet.
844 1424 920 1461 pag.
957 1422 1026 1456 534.
1055 1413 1110 1447 vbi
1142 1423 1281 1449 aetatem
1315 1416 1402 1448 Ae'tii
1443 1410 1592 1461 adsignat
1622 1421 1652 1444 a.
1689 1410 1765 1443 circ.

33 1475 106 1510 530.
159 1462 259 1499 Harl.
1547 1488 1549 1490 -
1605 1498 1620 1502 -

510 1588 604 1626 Aelii
634 1592 743 1627 medici
776 1591 882 1637 [codd.
909 1590 1023 1627 MSSt.
1045 1591 1095 1643 et]
1129 1593 1290 1641 editiones.

201 1664 369 1715 [Primum
396 1666 484 1702 cedd.
511 1670 567 1715 qui
601 1667 699 1702 multi
734 1666 921 1715 supersunt,
954 1667 1029 1716 post
1063 1669 1238 1705 Hallerum
1272 1669 1422 1718 aliosque
1452 1669 1563 1716 paucis
1597 1661 1763 1701 indicabo.

34 1717 145 1757 Codd.
171 1716 320 1754 Vindob.
350 1716 429 1753 caes.
454 1721 521 1752 iam
548 1716 641 1765 supra
669 1718 799 1753 laudaui
833 1717 1009 1766 copiosius,
1045 1739 1091 1746 —-
1145 1721 1327 1756 Florentiae
1363 1724 1398 1756 in
1434 1719 1510 1754 bibl.
1545 1720 1696 1752 Laurent.
1729 1716 1765 1749 in

3 1807 6 1810 Α
33 1772 117 1821 plut.
145 1781 194 1814 75.
221 1768 297 1804 cod.
326 1772 369 1804 II.
396 1768 489 1805 Aetii
515 1768 592 1803 libri
618 1767 829 1805 medicinales
857 1773 933 1806 VII-
956 1785 982 1805 a.
1009 1770 1085 1806 libr.
1112 1775 1168 1807 IV.
1198 1785 1298 1820 vsque
1324 1770 1365 1806 ad
1391 1774 1460 1807 XV.
1490 1788 1540 1795 --
1566 1772 1602 1804 in
1629 1764 1705 1802 cod·
1721 1767 1763 1799 V-

34 1837 84 1860 nr.
114 1832 223 1863 1—3.
245 1819 322 1855 libri
348 1822 406 1856 ΙΙΙ.
443 1834 461 1854 a
489 1820 574 1855 libro
603 1823 810 1856 VI—VIII.
839 1832 870 1856 et
895 1835 943 1856 nr.
971 1833 1003 1864 4.
1032 1827 1136 1869 capita
1162 1822 1325 1858 nonnulla
1351 1831 1504 1869 excerpta
1534 1832 1574 1855 ex
1605 1818 1694 1854 libro
1722 1818 1762 1850 Π.

34 1886 66 1910 et
93 1875 152 1908 111.
187 1891 234 1898 —
275 1873 310 1906 in
337 1871 411 1905 cod.
434 1874 511 1907 VII.
544 1885 593 1906 nr.
622 1883 730 1914 1—3.
763 1872 840 1908 libri
868 1875 924 1908 IV.
947 1886 970 1916 ‘a
993 1872 1068 1908 libr.
1095 1876 1184 1909 xm.
1212 1886 1315 1922 vsque
1337 1872 1379 1908 ad
1405 1874 1494 1908 XVI.
1528 1890 1578 1896 -
1622 1872 1658 1903 in
1685 1864 1763 1902 cod.

32 1927 124 1962 vm.
151 1936 201 1958 nr.
231 1934 255 1958 1.
285 1920 397 1969 opusc.
424 1919 530 1971 (quod
558 1921 649 1957 Astii
675 1921 756 1963 esse,
790 1921 966 1971 suspicatur
991 1923 1208 1971 Montfauc.)
1241 1924 1452 1973 inscriptum:
1491 1923 1594 1971 ἑτέρω
1621 1915 1762 1964 ‹Isoe‘yvm-

35 1993 86 2015 mc
114 1972 196 2024 ἕξις,
223 1975 285 2008 alia
319 1976 429 2008 vrinae
457 1975 622 2020 dignotim·
652 1987 701 2008 nr.
729 1985 759 2007 2.
786 1974 878 2009 Aelii
902 1973 1052 2023 synopsis
1078 1973 1119 2009 de
1145 1978 1264 2016 vrinis,
1302 1975 1453 2010 translata
1486 1986 1504 2008 e
1535 1971 1664 2007 medica
1695 1978 1762 2003 arte

33 2025 222 2067 Persarumt,
248 2037 298 2059 nr.
324 2035 351 2067 3.
380 2024 472 2059 Afftii
499 2022 539 2058 de
565 2022 806 2072 significatione
841 2037 880 2059 ex
917 2025 1082 2073 pulfibus‚
1123 2036 1315 2074 excerptum
1349 2023 1585 2060 breuiffimum.
1621 2041 1665 2047 --
1721 2021 1760 2054 In

34 2078 109 2114 cod.
134 2080 172 2113 X.
201 2090 249 2111 nr.
277 2086 308 2117 7.
336 2073 560 2123 fragmentum
588 2076 628 2109 ab
656 2085 805 2110 extremo
832 2079 937 2123 capite
961 2076 1038 2112 libri
1067 2079 1122 2112 IX.
1149 2090 1251 2125 vsque
1279 2076 1319 2111 ad
1347 2089 1415 2124 cap,
1442 2077 1496 2119 69.
1525 2074 1602 2109 libri
1619 2074 1690 2108 XII.
1709 2089 1760 2096 —-

32 2132 71 2164 In
111 2127 187 2164 cod.
223 2129 297 2165 xli.
332 2125 424 2161 Attii
460 2123 638 2173 τμήματα
679 2122 755 2167 δύο,
796 2123 836 2164 A‘
868 2142 930 2176 &qq
964 2123 1000 2164 B'
1021 2127 1190 2176 figmenta
1222 2129 1302 2169 duo,
1338 2129 1480 2173 primum
1515 2132 1544 2160 et
1563 2124 1758 2170 ficundzmu

32 2181 219 2216 contractae
246 2191 285 2212 ex
314 2178 494 2218 veteribus,
547 2176 732 2212 medicinae
758 2178 834 2212 libri
862 2187 925 2213 tres
955 2181 1100 2226 priores:
1136 2189 1253 2226 -·et
1291 2181 1324 2213 in
1357 2176 1432 2213 cod.
1466 2173 1570 2211 xm.
1591 2189 1641 2210 nr.
1675 2186 1688 2208 1
1707 2192 1757 2199 -—

3 2228 6 2234 ‘
31 2243 59 2274 3.
84 2232 158 2268 libr.
185 2232 274 2265 XIV.
301 2231 373 2264 XV.
400 2230 488 2263 XVI.
515 2228 609 2276 plura
634 2239 744 2263 autem
772 2242 865 2278 capp.
903 2232 1051 2264 continet
1084 2230 1169 2265 liber
1194 2232 1281 2265 XIV.
1314 2232 1348 2263 in
1375 2226 1451 2263 cod.
1479 2240 1578 2276 quam
1617 2228 1649 2260 in
1678 2224 1755 2259 edit.

29 2302 80 2309 --
107 2285 140 2316 in
167 2279 244 2315 cod.
268 2282 389 2314 XVIII.
417 2279 491 2315 libri
522 2282 734 2316 IX.--XIII.
762 2300 810 2307 ·—
839 2285 873 2316 in
899 2279 976 2316 cod.
1003 2283 1072 2315 XX.
1099 2281 1174 2316 libri
1203 2283 1349 2329 quinque
1375 2283 1523 2328 priore8‚
1558 2286 1590 2312 et
1616 2279 1651 2311 in
1678 2274 1754 2311 cod.

25 2336 117 2369 xxi.
143 2333 216 2368 libri
244 2333 323 2367 oclo
351 2331 556 2378 posteriores.
607 2333 659 2367 De
691 2334 740 2367 his
775 2331 873 2368 codd.
908 2330 1059 2368 consules
1092 2333 1234 2367 Bandin.
1269 2342 1328 2367 cat.
1355 2330 1455 2367 codd.
1486 2342 1537 2380 gr.
1571 2331 1668 2364 Laur.
1696 2329 1752 2361 III.

1680 2390 1752 2427 Pag
