2023 2656
229 125 320 153 vm

233 220 370 261 ciant.
430 219 489 263 1.)
518 208 775 260 Nonnulla,
807 220 924 264 quae
955 207 1053 250 iure
1084 207 1231 250 forsan
1262 207 1683 263 reprehenduntur,
1714 211 1771 254 ad
1802 211 1954 254 Fabri.

238 312 356 356 cium
388 307 556 363 potius,
583 317 720 359 quam
749 304 806 345 ad
838 316 910 344 me
938 301 1166 357 pertinere
1198 300 1425 352 videntur,
1458 312 1501 344 et
1522 303 1670 346 futuro
1698 305 1807 348 noui
1827 319 1956 360 pror-

241 407 311 449 sus
349 400 524 457 operis,
563 411 712 440 nouae
750 396 856 437 bibl.
896 409 960 449 gr.
992 394 1233 436 architecto
1265 392 1487 437 fructuosa
1518 406 1561 438 et
1592 397 1789 447 vtiliora,
1823 411 1959 452 quam

243 482 353 542 mihi
385 506 553 537 nouem
582 491 668 531 iam
700 489 1009 532 voluminibus
1043 488 1186 539 editis,
1219 489 1314 531 fieri
1346 489 1545 538 debent37
1567 502 1650 530 nec
1679 490 1792 531 ordo
1824 490 1965 543 potest

243 587 490 636 immutari,
529 596 636 632 nee,
669 594 787 635 quae
825 582 1114 636 displiceant,
1162 582 1324 634 corrigi
1361 582 1538 635 possunt
1576 592 1712 635 atque
1751 580 1965 624 resarciri.
2012 567 2014 569 r

245 708 300 716 .-.
334 679 473 734 Atqui
504 693 530 718 a
560 689 631 716 me
664 675 752 715 iam
784 675 932 729 palam
965 676 1022 715 est
1041 674 1279 727 aliquoties
1313 674 1601 724 declaratum,
1632 687 1797 716 nouam
1829 674 1965 728 plane

242 761 562 818 bibliothecam
593 780 821 821 graecam,
862 768 1074 819 adeoque
1114 766 1248 807 totius
1288 766 1440 819 operis
1481 766 1734 807 Fabriciani
1767 767 1969 819 immuta-2

244 868 436 914 tionem,
487 876 625 917 quam
673 860 832 902 censor
871 859 1000 908 instit,
1051 858 1290 912 prouincia
1331 871 1478 899 nouae
1510 857 1720 899 editionis
1752 858 1862 899 mihi
1891 859 1970 900 de-

247 958 471 1006 mandata,
509 968 595 997 nec
636 952 719 995 effe
751 951 1028 1007 postulatam,
1061 963 1146 991 nec
1175 964 1200 991 a
1236 963 1307 991 me
1338 949 1603 1004 promiffam.
1662 946 1830 1004 Neque
1869 959 1999 1004 ego,⁸

247 1052 327 1107 qui
360 1063 431 1090 me
465 1048 538 1090 tali
565 1045 747 1099 negotio
787 1043 1068 1097 suscipiendo
1107 1051 1243 1097 atque
1287 1043 1565 1097 perficiendo
1610 1043 1846 1097 ¹imparem
1874 1043 1971 1085 sore

249 1143 451 1191 sentiam,
490 1141 538 1182 id
570 1137 777 1194 polliceri
828 1137 990 1178 audeo.
1050 1135 1286 1178 Eiusmodi
1317 1136 1438 1176 enim
1470 1149 1598 1189 opus,
1629 1135 1675 1175 id
1705 1135 1733 1176 si
1761 1137 1972 1189 omnibus

253 1236 452 1280 numeris
502 1231 752 1273 absolutum
799 1228 904 1277 ess'e,
954 1237 1314 1281 cunctorumque
1348 1227 1667 1282 exspectationi
1708 1241 1766 1268 ex
1796 1229 1880 1270 affe
1906 1243 1975 1272 re-

253 1301 477 1386 spondere
517 1324 672 1373 debet,
709 1320 1017 1375 exoptandum
1050 1320 1220 1374 potius,
1258 1333 1393 1384 quam
1425 1319 1481 1360 ab
1512 1319 1646 1361 vnius
1678 1320 1871 1362 hominis
1903 1337 1977 1364 ae-

251 1432 360 1470 tate,
401 1417 632 1460 sedulitate
671 1412 1003 1465 memoriaque,
1050 1412 1212 1467 etiamsi
1257 1410 1534 1460 incredibili,
1575 1411 1837 1465 summaque
1876 1415 1974 1456 dili.

253 1512 404 1568 gentia
435 1519 477 1551 et
505 1521 619 1549 vero
647 1505 824 1548 viribus
862 1503 1134 1557 sperandum
1168 1504 1251 1544 ess'e
1287 1503 1482 1545 videtur.
1545 1505 1589 1552 2)
1619 1502 1662 1544 Si
1697 1504 1924 1562 ordinem,
1949 1522 1975 1549 a

255 1606 439 1650 censore
480 1601 600 1642 bene
633 1608 676 1640 et
706 1597 957 1652 prudenter
1001 1596 1346 1652 praescriptum,
1386 1596 1581 1650 vbique,
1619 1595 1887 1650 (aliquoties
1914 1608 1975 1642 ta-

257 1712 362 1742 men
391 1696 439 1737 id
464 1695 636 1735 >factum
668 1689 772 1740 effe,
812 1702 870 1730 ex
911 1691 1247 1745 comparatione
1287 1703 1434 1730 nouae
1473 1688 1683 1730 editionis
1721 1691 1985 1748 cumsupeff

256 1790 376 1833 riore
409 1786 582 1843 patet,)
615 1780 858 1833 seruass‘em,
891 1784 1184 1825 metuendum
1219 1792 1333 1831 erat,
1365 1796 1424 1823 ne
1455 1782 1588 1836 plura
1615 1781 1691 1822 vel
1722 1784 1982 1841 memoriae,

262 1895 379 1940 quae
411 1879 565 1922 labare
597 1876 726 1926 solet,
767 1875 901 1930 culpa
937 1876 1206 1926 omitterem,
1244 1875 1321 1916 vel
1359 1875 1588 1929 iniquiore
1627 1873 1730 1916 loco
1761 1888 1983 1920 reuocare

263 1987 461 2030 cogerer.
519 1971 569 2024 3)
608 1968 670 2013 Vt
702 1970 879 2011 chartae
911 1982 1165 2024 parcerem,
1196 1967 1351 2022 multa,
1385 1981 1502 2022 quae
1533 1984 1557 2010 a
1581 1982 1653 2010 me
1695 1977 1772 2010 aut
1803 1969 1860 2011 ab
1883 1946 1982 2030 aliie

264 2072 446 2114 suerunt
482 2062 646 2113 addita,
672 2061 791 2112 sunt,
823 2061 942 2104 salua
966 2062 1292 2117 perspicuitate,
1312 2070 1550 2104 contracta.
1587 2063 1749 2117 Atqu-e,
1776 2062 1987 2123 .fi·Y¹?il²i⁵.

267 2163 471 2220 plenam,
512 2155 740 2198 interdum
781 2154 1056 2207 longiorem,
1096 2154 1386 2210 adposuissem
1421 2154 1524 2196 libri
1562 2165 1638 2211 aut
1675 2154 1985 2200 editionis-inq

271 2251 574 2310 scriptionem,
604 2260 720 2304 opus
751 2247 799 2290 in
824 2249 1042 2311 grandem
1073 2249 1258 2301 molem,
1290 2256 1378 2300 tam
1403 2247 1521 2314 illius
1550 2222 2003 2313 redemtori,vquamfh

1842 2348 1985 2382 emto-
