2023 2656
64 160 409 209 v01.v111-p.4⁹³--4‹>-3,
430 164 493 201 DE
519 163 653 200 PRov.
681 163 748 200 ET
774 162 899 200 FATo
926 163 987 199 AD
1015 161 1199 199 THEOT.
1224 163 1374 200 MECH.
1406 150 1685 204 nite-cxxi.
1737 180 1795 215 395

188 292 191 293 γ
231 259 364 293 XLVII.
418 261 540 295 Anima
566 261 668 307 igitur
683 257 824 292 habente
843 259 877 293 in
895 255 1064 292 substantia
1078 268 1150 292 eam
1164 270 1249 306 quae
1265 255 1307 292 ad
1323 258 1421 293 ambo
1447 259 1716 302 inclinationem,
1749 260 1791 301 η’·

64 307 147 343 bene
163 305 239 343 dico
256 318 288 343 et
303 307 344 346 τὸ
358 308 462 354 male,
490 311 575 345 hanc
589 312 774 358 potentiam
790 308 891 356 ipfius
917 306 977 356 [if]
1003 308 1174 344 elefliuam
1191 319 1403 350 vocauerunt,
1431 321 1566 359 propter
1582 325 1681 360 quam
1699 312 1788 349 aliud

61 370 140 406 prae
154 358 222 394 alio
238 362 304 394 nati
318 357 426 395 sumus
443 360 574 410 eligere.
627 363 668 395 Et
684 359 788 396 sumes
809 361 919 408 vtique
935 372 974 395 ex
991 358 1152 395 diuisione
1177 358 1406 396 definitionem
1427 360 1524 396 talem
1545 367 1710 410 potentiae
1730 365 1788 400 hu-

61 412 123 445 ius.
174 411 344 457 Qoniam
361 415 470 446 omnis
483 414 632 460 potentia
647 420 702 446 aut
718 410 880 446 rationalis
895 410 940 445 est
955 419 1011 445 aut
1026 411 1241 453 irrationalis,
1269 409 1395 447 neceffe
1417 421 1449 446 et
1470 411 1666 448 electionem
1686 417 1719 450 in
1742 415 1787 452 al.

63 469 134 496 tero
148 461 273 496 horum
287 460 367 497 effe:
393 475 463 498 non
481 475 536 497 ens
552 472 661 497 autem
673 462 888 504 irrationalis,
915 460 983 496 fine
998 461 1160 497 electione
1175 465 1264 497 enim
1288 465 1398 497 viuere
1419 461 1475 498 issa
1498 476 1613 499 omnes
1634 462 1785 508 dicimus,

61 510 229 547 rationalis
247 513 482 562 vtiquealiqua
495 517 555 548 erit
572 515 727 562 potentia.
782 515 900 547 Omnis
916 521 1024 548 autem
1043 513 1208 548 rationalis
1230 516 1377 561 potentia
1404 523 1458 548 aut
1480 517 1649 563 cogniriua
1667 515 1713 550 est
1731 528 1787 553 aut

62 565 258 610 appetitiua,
285 563 367 610 ficut
380 574 411 599 et
425 564 760 609 omnisirrationaliS.
811 564 940 600 Elefflo
959 573 1068 598 autem
1085 563 1192 612 ipsum
1208 566 1274 600 hoc
1291 562 1383 613 quod
1401 563 1521 600 dicitur
1537 565 1654 601 electio
1676 579 1732 602 ens
1753 576 1787 603 et

63 612 281 655 desiderium,
307 617 467 663 appetitus
482 616 598 664 aliquis
614 617 724 663 vtique
747 617 818 649 erit.
874 616 992 650 Omnis
1011 624 1121 650 autem
1133 618 1366 664 appetitus-aut
1378 614 1419 650 ad
1436 614 1544 651 solum
1561 615 1672 665 aspicit
1686 627 1719 653 vt
1733 631 1794 654 ve-·

65 677 100 700 re
114 666 260 708 bonum,
285 675 339 701 aut
353 664 392 700 ad
410 664 517 701 solum
542 678 698 714 apparens
718 666 865 707 bonum,
889 675 944 700 aut
960 663 1000 700 ad
1020 667 1130 701 ambo.
1185 666 1395 702 Electionem
1414 676 1523 702 autem
1542 680 1652 716 neque
1669 666 1710 702 ad
1735 667 1785 705 so-

63 713 136 752 lum
156 729 231 752 vere
251 717 379 751 bonum
403 716 557 765 respicere
581 716 740 760 dicimus,
774 729 847 751 non
868 720 958 752 enim
981 720 1093 765 vtique
1116 730 1261 766 vnquam
1286 718 1639 767 vituperareturjiuste:
1676 732 1785 769 neque

63 765 240 855 ffisomm
266 780 442 817 apparens,
494 781 566 805 non
592 771 681 804 enim
709 770 822 818 vtique
855 777 886 805 et
917 766 1106 805 laudaretur
1132 768 1232 821 saepe.
1301 766 1355 806 Ad
1386 769 1486 806 ambo
1518 781 1601 821 ergo
1633 779 1706 807 nata
1726 771 1786 808 ‘est

111 831 136 854 is
160 823 321 868 potentia.

232 926 383 963 XLvm.
442 926 498 964 Est
520 938 621 976 ergo,
658 937 691 963 vt
712 925 900 964 summatim
920 925 1066 971 dicatur3
1108 927 1227 965 eledtio
1251 930 1399 977 potentia
1421 926 1588 964 rationalis
1612 930 1786 977 appetitiua

67 971 235 1012 bonorum
251 991 472 1027 verorumque
487 990 520 1015 et
535 982 762 1028 apparentium
774 1007 784 1020 ‚
812 977 934 1016 ducens
947 980 988 1016 ad
1004 981 1103 1016 ambo
1119 983 1280 1021 animam,
1313 989 1451 1029 propter
1472 992 1572 1028 quam
1595 977 1737 1015 ascendit
1755 989 1788 1016 ct

65 1023 250 1070 descendit,
279 1040 309 1065 et
328 1041 441 1078 peccat
463 1041 494 1066 et
517 1029 642 1079 dirigit.
669 1033 715 1078 ¹⁸)
765 1032 875 1066 Huius
889 1035 1056 1080 potentiae
1072 1034 1300 1080 operationem
1322 1029 1468 1066 videntes
1491 1031 1610 1066 biuiam
1633 1033 1669 1066 in
1689 1034 1788 1066 nouis

65 1088 270 1122 vocauerunt
292 1080 332 1116 ad
357 1081 455 1116 amb'o
482 1080 579 1129 ipsius
602 1082 862 1117 inclinationem.
922 1084 1033 1131 Qare
1058 1085 1119 1118 erit
1133 1085 1244 1130 vtique
1264 1081 1479 1126 elefflomle,
1512 1090 1544 1115 et
1561 1081 1601 1119 τό
1624 1085 1659 1117 in
1677 1082 1784 1123 nobis,

64 1127 164 1164 idem.
228 1134 271 1167 Et
288 1130 468 1167 secundum
492 1135 577 1167 hanc
597 1135 781 1178 potentiam
803 1142 834 1166 et
861 1146 880 1166 a
906 1133 1026 1167 diuinis
1056 1130 1237 1167 differimus
1269 1142 1300 1167 et
1330 1146 1348 1167 a
1375 1131 1612 1175 mortualibus3
1652 1142 1789 1181 Vtraque

65 1182 154 1216 enim
169 1179 242 1217 sunt
256 1181 470 1230 insusceptiua
485 1186 552 1217 eius
567 1195 650 1230 quae
663 1182 705 1216 ad
719 1182 818 1216 ambo
833 1182 1074 1217 inclinationis:
1100 1184 1181 1217 haec
1196 1180 1331 1231 quidem
1347 1185 1380 1217 in
1395 1183 1491 1217 bonis
1507 1185 1590 1217 veris
1606 1181 1789 1218 solummo-

66 1231 111 1268 do
133 1232 261 1276 locata,
287 1242 424 1282 propter
443 1232 691 1275 excellentiam3
725 1234 805 1267 haec
827 1242 935 1268 autem
956 1231 993 1267 in
1017 1232 1262 1281 apparentibus,
1293 1241 1431 1281 propter
1456 1229 1635 1269 defeetum.
1731 1243 1799 1270 1102

66 1286 156 1321 niam
173 1293 204 1319 et
220 1286 299 1320 haec
315 1282 451 1333 quidem
472 1283 654 1319 intelledlus
678 1284 927 1324 chax-austerizat,
958 1285 1038 1319 haee
1063 1293 1175 1318 autem
1193 1281 1317 1319 sensus:
1351 1285 1407 1319 hic
1432 1281 1567 1332 quidem
1587 1282 1698 1320 noster
1720 1298 1791 1326 rex,

66 1337 123 1372 hic
145 1346 254 1371 autem
277 1338 434 1371 nuncius:
461 1333 561 1370 medii
581 1344 691 1370 autem
704 1347 766 1369 nos
781 1337 816 1369 in
830 1335 993 1370 elea-ione
1009 1335 1088 1377 fixi,
1114 1343 1146 1370 et
1166 1334 1319 1382 potentes
1340 1332 1477 1384 quidem
1496 1332 1656 1370 ad'ambo
1676 1349 1791 1372 moue-

69 1389 114 1432 ri,
140 1388 326 1436 vbicunque
340 1396 449 1422 autem
462 1399 676 1426 moneamur,
703 1399 721 1420 a
742 1389 817 1420 totis
838 1387 964 1420 obtenti
977 1398 1018 1421 ex
1034 1399 1071 1420 ea
1087 1394 1170 1434 quae
1193 1383 1373 1421 seeundum
1392 1384 1583 1434 dignitatem
1604 1384 1794 1432 sortiente35

69 1436 231 1486 siquidem
247 1438 287 1473 ad
302 1437 437 1479 melius,
465 1447 498 1472 vt
515 1437 717 1472 intellec‘ius:
743 1435 768 1472 si
782 1446 894 1472 autem
914 1435 956 1471 ad
976 1435 1139 1477 deterius,
1162 1446 1197 1472 vt
1211 1434 1329 1472 sensus.
1382 1438 1464 1472 Non
1477 1448 1557 1484 ergo
1582 1439 1617 1473 in
1636 1442 1792 1481 omnium

69 1488 226 1538 potestate
241 1498 273 1524 et
287 1493 434 1537 potentia
455 1487 495 1528 τὲ
511 1490 545 1522 in
562 1488 681 1523 nobis:
702 1499 786 1537 quae
807 1491 897 1523 enim
920 1487 1076 1523 omnibus
1097 1486 1310 1535 potestatium,
1343 1490 1492 1536 potentia
1517 1488 1642 1523 Vnialis
1667 1488 1729 1531 est,
1761 1500 1795 1526 et

68 1550 205 1591 propter
217 1541 284 1576 hoc
299 1543 453 1576 omnium
468 1543 544 1588 quia
557 1553 621 1574 vna
639 1548 670 1574 et
690 1535 906 1575 Boniformis.
959 1540 1053 1588 Qae
1068 1547 1178 1573 autem
1193 1538 1344 1580 elediiua,
1370 1538 1498 1579 Dualis,
1527 1548 1558 1573 et
1572 1548 1709 1588 propter
1726 1542 1794 1577 hoc

68 1605 141 1629 uon
156 1594 328 1627 omnium:
355 1593 432 1641 quia
446 1594 482 1626 iis
497 1603 580 1639 quae
596 1588 636 1624 ad
651 1591 750 1625 ambo
765 1589 1032 1626 inclinationibus
1046 1592 1210 1624 minorata
1232 1589 1277 1624 est
1293 1590 1333 1624 ab
1345 1591 1382 1624 ea
1407 1602 1489 1638 quae
1511 1598 1585 1624 ante
1603 1593 1716 1626 omnia
1737 1592 1792 1628 est.

11 1690 17 1694 ἢ
68 1645 175 1682 fieret
189 1652 299 1679 autem
313 1646 425 1691 vtique
441 1652 472 1678 et
489 1640 596 1690 ipsum
615 1644 785 1682 omnium,
812 1640 838 1677 fi
852 1654 924 1676 non
944 1641 1123 1676 electiuum
1142 1642 1305 1688 impetum
1327 1641 1477 1681 haberet,
1510 1639 1662 1677 voluntas
1683 1651 1793 1680 autem

69 1694 115 1732 fic
129 1693 246 1731 solum.
298 1695 386 1729 Nam
404 1693 506 1729 volita
521 1695 587 1727 vita
601 1690 645 1727 est
660 1688 841 1729 secundum
856 1692 1005 1731 bonum,
1034 1704 1117 1740 quae
1138 1701 1170 1725 et
1188 1690 1229 1729 τὸ
1245 1694 1281 1727 in
1303 1691 1401 1726 nobis
1418 1688 1496 1726 facit
1518 1691 1793 1739 porentiffimum,

69 1756 103 1783 et
118 1744 301 1783 Deiformis
324 1755 416 1782 enter
431 1743 557 1786 existit,
583 1754 721 1793 propter
741 1756 843 1794 quam
867 1751 900 1780 et
920 1745 1029 1779 anima
1049 1742 1088 1779 fit
1113 1743 1223 1785 Deus,
1257 1751 1288 1778 et
1309 1749 1417 1779 totum
1436 1740 1602 1780 mundum
1624 1742 1794 1794 dispensat,

69 1801 112 1835 ait
134 1798 238 1834 Plato.

239 1897 300 1949 [ῙΓ]
351 1900 466 1935 XLIX.
517 1897 636 1946 Neque
649 1909 730 1947 ergo
748 1899 861 1946 primo
883 1897 926 1938 τδ
947 1898 986 1935 in
1002 1899 1120 1945 nobis,
1152 1897 1235 1935 ficut
1256 1909 1364 1948 neque
1386 1897 1506 1935 vltimo
1529 1902 1704 1943 conuenit,
1742 1898 1798 1938 sed

73 1950 201 1990 medio.
252 1953 311 1987 Tu
329 1960 457 1995 autem,
490 1959 526 1984 vt
545 1948 693 1994 videtur,
740 1948 932 1996 potestatem
957 1949 1140 1986 existimasti
1168 1949 1353 1999 significare
1372 1947 1414 1989 τὲ
1435 1953 1469 1985 in
1493 1951 1607 1993 nobis,
1643 1955 1805 1989 omnium‘

73 2003 304 2041 dominantem
317 2028 328 2043 ‚
355 2000 529 2036 dueentem
547 2003 659 2036 omnia
676 1998 855 2036 secundum
871 1998 965 2037 suum
989 2004 1172 2050 impetum,
1195 2002 1410 2037 'obtinentem
1435 2004 1548 2037 omnia
1572 2015 1655 2051 quae
1675 2001 1799 2039 defide-

75 2067 142 2097 rat‚
174 2068 246 2091 non
266 2052 426 2090 definiens
444 2054 628 2101 potentiam
650 2055 684 2085 in
706 2051 956 2099 appetibilibus,
998 2065 1082 2102 quae
1104 2056 1188 2089 intra
1210 2050 1291 2100 ipsas
1316 2054 1441 2087 animas
1464 2051 1680 2088 efficientibus
1700 2053 1803 2092 talem·

76 2109 257 2157 eligentem
272 2107 438 2146 animam3
462 2102 515 2138 sed
532 2102 609 2137 dans
625 2102 682 2138 fibi
701 2113 877 2143 eteorum,
895 2116 978 2152 quae
996 2115 1065 2139 non
1085 2107 1118 2139 in
1135 2104 1243 2144 nobis,
1270 2107 1468 2151 potentiam.
1521 2105 1616 2152 Qae
1635 2107 1723 2141 enim
1744 2118 1799 2142 ex·

76 2170 126 2198 tta
138 2161 283 2197 animam
295 2185 305 2202 ‚
327 2168 400 2194 non
413 2158 450 2192 in
465 2155 579 2192 nobis:
605 2163 744 2206 propter
757 2152 850 2205 quod
868 2163 900 2201 et
913 2158 1099 2192 commixta
1115 2157 1179 2190 vita
1194 2153 1304 2192 nostra
1327 2166 1370 2193 ex
1391 2157 1430 2192 iis
1455 2167 1539 2204 quae
1555 2167 1628 2203 non
1647 2157 1684 2194 in
1703 2157 1802 2193 nobA's

1001 2226 1010 2234 ,.
1040 2204 1137 2246 Ddd
1170 2216 1191 2241 2
1769 2215 1803 2243 et

120 2379 171 2420 ss)
193 2380 216 2410 1.
232 2389 258 2409 e.
275 2375 354 2409 reae
370 2376 443 2416 agit.
