2023 2656
43 143 348 189 wetmmvtsvz,
395 143 564 179 sYNom
589 143 656 179 ET
683 143 861 180 SCRIPT.
886 143 1085 180 CONTRA
1111 134 1257 182 PffoT.
1321 147 1453 184 LiaV.
1473 146 1669 185 c.XXXV.
1706 149 1767 192 675

206 239 334 274 Contra
358 235 535 273 Photiumss

202 308 243 342 A.
260 307 335 351 896.
350 318 412 354 pro
422 306 550 354 Ignatio
568 301 801 353 episcoporum
821 316 890 340 102.
908 304 1054 354 praeside
1070 319 1129 355 per
1137 307 1277 343 vicarios
1293 305 1371 344 suos
1380 305 1551 345 Hadriano
1562 309 1604 344 11.
1620 322 1703 358 papa
1719 310 1764 355 Ρ).

43 355 132 394 'Acta
146 357 242 394 huius
265 356 389 402 synodi
412 355 528 392 decem
550 354 700 406 πράξεσι
723 354 790 392 fiue
810 357 996 393 adt-ionibus
1019 357 1138 400 diuisa,
1175 371 1257 406 quae
1280 372 1437 396 romanae
1452 360 1603 396 ecclefiae
1622 361 1717 396 sociis
1732 369 1765 397 et

34 410 166 445 Graecis
185 409 380 458 quibusdam
393 405 621 459 λοιτινὲφςοσι
639 411 854 456 oecumenica
876 409 993 444 oclaua
1015 408 1166 456 synodus
1187 410 1250 451 est,
1284 425 1324 446 ex
1349 410 1503 446 Anassafii
1523 411 1766 448 bibliothecarii

32 460 148 504 paffim
162 461 382 508 locupletiore
397 459 566 506 versione,
593 471 624 495 et
640 473 756 508 graece
771 473 848 495 cum
864 473 954 495 noua
968 461 1242 509 interpretatione
1258 463 1419 498 Matthaei
1441 460 1559 498 Raderi
1581 464 1612 499 S.
1627 467 1653 499 Ι.
1680 465 1772 512 (qui.

32 512 88 547 illa
101 516 249 561 primum
265 521 403 560 vti-aque
418 512 532 558 lingua
547 513 653 546 edidit
670 509 848 558 ingolstad.
866 513 963 554 1604.
983 516 1038 554 4.)
1064 522 1242 548 occurrunt
1265 516 1297 547 in
1319 513 1468 555 conciliis
1490 516 1580 549 Binii
1603 524 1684 549 tom.
1700 515 1762 549 111.

33 573 115 613 part.
132 576 158 598 1.
180 565 298 599 Labbei
313 572 395 598 tom.
411 564 504 599 VIII.
526 572 624 611 atque
636 563 806 597 Harduini
827 573 909 597 tom.
920 566 960 598 V.
988 565 1074 611 Reg.
1089 574 1173 598 tom.
1192 565 1311 600 XXIII.
1337 565 1461 615 [ffilansi
1474 575 1555 600 tom.
1569 566 1656 602 XVI.
1668 580 1698 600 v.
1712 569 1761 600 in-

20 613 96 657 ssa,
118 614 250 650 vol-XI.
269 628 300 663 p.
311 621 381 660 538.
400 613 449 649 ed.
466 624 530 649 vet.
554 615 595 649 In
610 612 686 649 cod.
701 614 830 649 Monac.
847 615 980 649 XXVII.
1009 628 1040 649 v.
1055 616 1179 650 Har-dt.
1197 613 1218 649 l.
1234 629 1261 650 c.
1281 626 1309 651 a‘.
1327 622 1417 658 1803.
1434 625 1514 664 part.
1532 628 1564 660 4.
1581 630 1614 667 p.
1634 629 1680 662 17.
1695 616 1760 666 seq.

31 666 105 704 add.
129 666 314 713 Montfizuc.
331 666 412 702 Bibl.
428 664 578 703 biblioth.
594 665 692 702 MSS.
712 678 746 714 p.
760 667 841 710 469.
856 665 895 702 C.
925 677 1003 710 470.
1019 667 1063 703 E.
1083 675 1114 701 et
1128 679 1162 716 p.
1179 668 1259 712 692.·
1271 668 1322 703 D.
1355 667 1495 714 Ηιινλ]ι

352 785 409 834 [lf]
437 787 500 822 111.
542 786 720 832 Scriptores
745 785 781 820 dc
808 784 909 832 cauffiz
934 761 1118 836 Plufiana,
1157 786 1278 822 Photio
1304 786 1422 834 infesti.

195 874 230 910 N
233 871 355 908 icolaus
369 872 396 906 Ι.
422 870 611 908 Hadrianus
627 873 671 910 ΙΙ,
695 880 726 907 et
742 870 796 907 ali-i
817 870 994 920 pontifices
1011 872 1173 908 Photium
1190 870 1395 909 damnantes·.
1446 869 1531 909 Vide
1545 873 1596 908 Io.
1615 873 1761 910 veecum

27 925 85 963 lib.
100 924 164 961 111.
190 923 232 960 de
245 922 385 974 process.
407 925 548 973 Spiritus
565 925 595 958 S.
613 922 702 972 apud
715 923 816 958 Allat.
834 921 874 958 de
889 926 1087 973 purgatorio
1110 937 1144 973 p.
1161 930 1237 969 829.
1259 923 1326 974 seq,

195 1011 327 1046 Nicetas
342 1008 516 1058 Paphlago
532 1012 566 1045 in
581 1010 645 1044 vita
664 1011 782 1056 Ignatii
795 1010 1000 1057 patriarchae
1014 1007 1067 1054 Ψ),
1102 1018 1135 1044 et
1158 1009 1222 1045 alia
1239 1009 1379 1055 Styliani
1402 1002 1541 1058 Mapae‚
1567 1006 1758 1045 Neocaesar.

30 1061 173 1112 episcopi
188 1063 238 1107 Υ),
265 1061 478 1110 Τγὴεοὲηοῆί
495 1063 651 1096 monachi
670 1070 701 1095 et
716 1061 859 1095 aliorum
872 1059 987 1110 scripta
1004 1074 1081 1096 cum
1098 1059 1229 1106 synodo
1247 1064 1324 1096 anni
1343 1063 1420 1106 869.
1442 1060 1546 1103 edita,
1568 1070 1606 1111 et
1624 1059 1758 1096 Anasta-

27 1114 93 1152 fius
106 1113 373 1150 bibliothecarius
388 1111 509 1159 synodi
529 1113 614 1148 illius
629 1115 809 1161 interpres,
830 1121 902 1149 tum
921 1110 1058 1162 praefat.
1073 1112 1114 1148 ad
1127 1111 1299 1160 synodum
1312 1124 1384 1149 tum
1398 1116 1432 1148 in
1449 1115 1533 1149 vitiis
1545 1112 1760 1163 pontificumq

195 1200 324 1236 Auctor
337 1197 438 1234 libelli
452 1196 603 1244 synodici
625 1211 644 1232 a
661 1200 710 1233 Io.
727 1197 846 1246 Pappo
866 1195 954 1232 editi.

175 1328 177 1332 Α
195 1286 323 1340 Auctor
339 1285 422 1319 vitae
438 1285 468 1319 S.
484 1281 614 1319 Nicolai
631 1280 798 1326 Studitae,
825 1285 860 1317 in
875 1283 951 1318 adlis
968 1283 1118 1319 sanctor.
1141 1292 1225 1320 tom.
1249 1287 1274 1320 1.
1300 1284 1451 1321 Februar.
1481 1297 1514 1334 p.
1531 1291 1609 1337 548.>

0 1417 1 1428 γ
138 1375 143 1379 ⁴
195 1370 314 1418 Caesar
328 1371 493 1405 Baronius
510 1378 542 1405 et
557 1370 662 1405 Hem.
675 1368 868 1415 Spotza'mms
884 1365 924 1403 ad
948 1382 976 1404 a.
994 1374 1065 1414 858.
1080 1368 1146 1418 seq.
1187 1368 1356 1406 Antonius
1376 1371 1466 1418 Pagi
1486 1372 1521 1406 in
1543 1366 1677 1406 censura
1694 1368 1759 1417 “Ba-

0 1449 1 1462 2
27 1437 176 1462 romana.

195 1498 349 1536 Andreas
364 1497 513 1534 Schottus
536 1475 672 1544 praefat.
688 1493 728 1531 ad
746 1495 860 1531 Photii
877 1473 1126 1531 bibliothecam.

195 1588 263 1622 Lao
277 1583 425 1620 Allatius
437 1582 524 1619 libro
542 1579 583 1617 de
604 1577 738 1627 synodo
762 1582 879 1617 octaua
898 1580 1065 1615 Photiana
1082 1582 1185 1616 Rom.
1212 1582 1304 1615 1662.
1321 1585 1353 1620 8.
1376 1589 1408 1616 et
1431 1588 1546 1617 eontra
1570 1581 1759 1630 Creyghto-

29 1651 111 1677 num
127 1650 234 1674 exerc.
254 1640 312 1673 XV
317 1639 340 1675 Ι,
357 1634 420 1683 seq.
445 1648 478 1682 p.
498 1645 569 1676 272.
587 1631 653 1680 seq.
680 1642 713 1667 et
728 1630 769 1667 de
783 1629 942 1668 consensu
958 1634 1128 1680 vtriusque
1141 1631 1293 1668 ecclesiae
1305 1631 1361 1669 lib.
1377 1633 1421 1668 ΙΙ.
1445 1646 1515 1682 cap.
1531 1645 1561 1678 4.
1577 1644 1604 1678 5.
1621 1635 1659 1681 6.ι
1670 1644 1701 1676 7.
1722 1644 1760 1668 ac

30 1690 72 1727 de
87 1690 177 1727 libris
193 1686 410 1735 ecclesiasticis
426 1688 630 1722 Graecorum
644 1697 677 1733 p.
694 1695 765 1727 147.
781 1681 847 1733 seq.

194 1773 358 1821 Francisc.
372 1774 463 1822 Pagi
478 1781 560 1807 tom.
576 1771 634 1806 vl.
657 1772 800 1805 Breuiar.
816 1766 857 1804 de
871 1768 967 1817 gestis
980 1766 1199 1819 pontificum,
1225 1778 1257 1805 et
1281 1765 1458 1816 Stephanus
1481 1769 1522 1805 de
1537 1768 1706 1806 Altimura
1724 1771 1760 1806 in

30 1826 190 1879 panoplia
204 1837 318 1864 eontra
333 1823 468 1861 schisma
482 1825 686 1858 Graecorum
706 1834 739 1869 p.
758 1826 822 1865 ¹58·
838 1818 884 1871 sq.

199 1912 286 1950 Lud.
308 1911 547 1957 Maimburgius
569 1911 605 1943 in
626 1906 762 1943 historia
783 1903 959 1942 schismatis
980 1907 1187 1943 Graecorum
1197 1903 1216 1946 ,”
1249 1903 1334 1940 edita
1355 1904 1471 1952 gallice
1495 1903 1593 1941 Paris.
1620 1908 1710 1950 1677,
1725 1909 1759 1949 4.

34 1963 217 2005 Amstelod.
232 1967 378 2004 1682.12.
405 1964 448 1999 Et
464 1959 715 2008 aMaimburgio
730 1958 846 1995 auctor
860 1956 1080 2008 supplementi
1094 1956 1135 1993 ad
1146 1958 1292 1993 Lexicon
1304 1956 1497 1993 historicum
1512 1960 1757 1996 Mosei-janum.

1042 2045 1109 2092 Qq
1118 2056 1140 2093 q
1151 2055 1172 2092 q
1200 2053 1218 2076 2
1625 2041 1758 2078 Natalis

74 2190 113 2230 p)
137 2185 251 2219 Confer
268 2184 440 2218 Lauuoium
454 2184 539 2215 vm.
563 2192 611 2213 10.
632 2182 715 2224 epist.
733 2189 878 2223 pag.7;4.
918 2180 1049 2210 mirifice
1071 2177 1173 2210 laudat
1199 2179 1235 2208 ab
1257 2178 1373 2216 ingenii
1395 2175 1560 2213 felicitate,
1587 2176 1758 2208 litterarum

35 2232 94 2275 seq.
112 2229 186 2262 edit.
202 2229 297 2261 Lond.
315 2227 509 2270 Franci-'scum
531 2226 688 2258 Iouerinm
711 2227 742 2254 iu
765 2224 876 2255 velita·
919 2225 1071 2253 vai-iarum
1091 2223 1180 2263 copia
1202 2221 1359 2262 studioque
1380 2228 1410 2250 et
1434 2220 1575 2257 (iugulari
1598 2220 1758 2258 diligentia

37 2278 120 2306 tione
136 2274 173 2304 de
190 2276 297 2303 octauo
315 2272 442 2308 synodo,
459 2271 545 2303 Petr.
563 2268 737 2303 Arcadium
754 2266 790 2297 de
807 2278 876 2310 put-
919 2274 1009 2308 atquc
1023 2265 1188 2296 sedulitate.
1219 2276 1248 2294 v.
1263 2264 1379 2300 locum,
1402 2263 1504 2305 paullo
1521 2265 1586 2305 post
1603 2264 1633 2292 in
1658 2263 1691 2303 §.
1706 2266 1759 2294 VI,

36 2319 176 2358 gatorio,
200 2328 229 2357 p.
249 2327 309 2346 212.
331 2315 372 2356 sq.
919 2319 936 2340 a
952 2310 1090 2340 Fabricio
1106 2310 1239 2338 citatum.
1260 2307 1353 2338 Harl.

80 2362 121 2402 q)
144 2360 272 2391 Nicetes
285 2367 383 2388 tamen
400 2356 563 2396 Paphlago
580 2357 611 2385 in
628 2357 689 2384 vita
705 2354 826 2390 Ignatii,
845 2354 876 2383 in
963 2353 998 2393 r)
1021 2354 1059 2385 V.
1075 2349 1248 2391 Montfauc.
1269 2349 1342 2382 bibl.
1360 2348 1487 2381 Coislin.
1514 2358 1544 2390 p.
1557 2357 1608 2386 9⁰·
1632 2347 1726 2380 Harl.

39 2415 125 2438 cone.
149 2401 299 2436 nardum.
325 2410 399 2443 tom2
414 2403 452 2432 V.
475 2411 504 2444 p.
519 2408 587 2439 959·
624 2398 764 2431 photium
786 2398 877 2429 ctiam
