2023 2656
213 140 279 172 404
332 125 614 166 Lib.V.c.XXI.
951 160 960 173 ,
994 130 1199 168 PROCLvs
1595 131 1943 182 ‚QQLR504—5c6

218 223 393 274 praesentia
420 233 451 259 et
475 225 660 273 potentiam
684 223 804 260 habere
828 234 860 260 et
892 224 966 272 [P]
992 223 1032 260 ad
1059 238 1156 274 agere
1183 224 1261 261 duci
1287 238 1358 262 non
1383 237 1576 266 manentem
1608 233 1640 266 in
1674 228 1722 265 sui
1756 230 1853 279 ipsius
1888 245 1942 266 na·

219 287 307 312 tura:
360 288 468 324 neque
494 278 529 310 in
556 272 668 326 οἱζῶίορ
694 279 837 324 priuatio
864 276 994 317 solum,
1050 279 1210 324 quoniam
1246 287 1278 312 et
1311 281 1495 326 praeiacens
1527 280 1634 330 ipsum
1668 281 1766 317 vitale
1802 295 1857 317 ens
1892 281 1946 317 dat

219 338 251 363 et
277 327 367 362 malo
394 329 477 362 vitae
502 329 800 375 participationem.
853 331 928 364 Vita
953 338 1061 362 autem
1096 331 1205 363 omnis
1239 333 1388 377 potentia
1415 329 1594 367 secundum
1627 330 1675 374 se,
1730 336 1763 367 in
1797 337 1946 382 potentia

220 388 330 414 autem
362 379 465 414 aliena
501 376 626 413 factum
667 379 812 421 malum,
865 382 1066 414 contrarium
1095 378 1139 413 est
1174 380 1265 415 bono
1299 377 1346 417 sui
1379 380 1477 429 ipfius
1517 386 1665 431 potentia
1701 382 1740 418 ad
1783 384 1944 420 aduersari

218 440 327 466 vtens:
378 439 410 464 et
435 433 540 479 magis
566 427 702 478 quidem
728 433 874 478 potentia
902 430 1093 466 inexistente
1126 433 1268 466 maiores
1301 434 1508 479 operationes
1543 444 1574 469 et
1607 447 1706 482 opera
1734 436 1832 477 mali,
1884 438 1946 470 mi-

218 493 280 516 nus
307 489 416 516 autem
442 483 599 515 minores.
654 483 724 515 Iam
752 491 784 516 et
809 484 844 517 in
867 482 1063 531 corporibus
1089 492 1223 517 naturae
1248 485 1404 531 potentiis
1431 483 1528 520 fimul
1557 493 1588 520 et
1615 498 1697 534 quae
1724 488 1758 521 in
1786 485 1860 534 ipfis
1888 484 1942 521 de-

218 531 296 568 sinit
319 542 447 580 praeter
471 543 620 567 naturam
649 536 818 580 operatio,
872 543 903 568 et
920 536 1010 571 haec
1042 546 1083 568 eo
1117 532 1209 582 quod
1243 543 1370 581 praeter
1406 546 1572 576 naturam,
1626 546 1705 572 tunc
1737 540 1843 586 magis
1877 541 1944 572 exi-

220 582 320 619 stente
345 582 455 618 soluto
484 586 709 632 omniquaque
738 583 866 624 ordine,
921 588 1031 634 Quare
1057 594 1088 620 et
1116 587 1150 620 in
1177 585 1348 619 animabus
1375 589 1498 621 maiora
1527 585 1663 636 quidem
1689 602 1706 622 a
1727 590 1850 623 minori
1877 601 1943 622 rna-

218 634 304 675 litia,
357 637 489 669 minora
515 644 623 669 autem
656 648 674 669 a
706 638 826 670 maiori
860 649 978 684 opera:
1031 633 1187 670 solificata
1222 638 1311 669 enim
1344 650 1361 670 a
1395 641 1583 679 contrario,
1637 637 1818 673 secundum
1851 650 1945 687 turpe

217 683 352 734 quidem
379 684 477 733 ipsius
506 694 537 719 et
563 683 708 721 informe
734 696 892 735 augetur,
944 685 1122 722 secundum
1149 689 1303 721 virtutem
1330 696 1440 721 autem
1473 698 1505 723 et
1536 693 1764 737 operationem
1798 693 1941 724 minora-

218 747 248 771 ta
276 735 391 772 debilis
419 735 516 772 ssmul
542 747 572 772 et
599 736 750 772 inefficax
773 737 828 773 est.
880 740 962 775 Non
988 741 1078 774 enim
1105 738 1144 772 ab
1172 736 1236 786 ipsa
1262 740 1429 784 potentia,
1482 748 1515 773 vt
1540 743 1650 790 vtique
1677 751 1708 775 et
1736 751 1943 789 augmentata

219 791 317 822 etiam
342 792 493 836 potentia
518 786 558 822 ad
585 791 688 823 maius
716 789 862 824 transitio
888 787 982 824 effet:
1032 787 1088 824 sed
1110 802 1151 824 ex
1176 787 1354 836 praesentia
1382 793 1556 832 contrarii,
1607 801 1686 840 puta
1713 790 1737 826 fi
1769 802 1800 826 et
1832 790 1942 828 calidi-

217 843 288 873 tatis
312 841 460 887 potentia
486 848 592 875 vtatur
613 839 654 874 ad
682 837 726 873 sui
755 838 854 889 ipfius
884 853 969 888 opus
1004 839 1168 888 frigiditas
1202 842 1336 874 vincens
1369 850 1399 874 et
1432 840 1597 877 subiacens
1625 843 1713 878 iliius
1745 845 1941 891 potentiam.

217 890 399 925 Deficiente
425 893 527 939 igitur
555 894 716 926 contraria
743 901 858 927 natura
885 902 916 927 et
940 904 980 927 eo
1013 890 1106 940 quod
1139 892 1244 939 magis
1281 887 1412 926 defectu
1444 891 1484 926 ad
1517 892 1740 941 Priuationem
1773 894 1870 928 habet
1900 892 1942 932 τὲ

215 944 339 989 magis,
392 954 427 975 ea
453 951 563 975 autem
590 955 672 989 quae
699 944 827 978 virtutis
852 941 1063 980 submiffione
1088 940 1134 980 ad
1158 939 1264 977 faeere
1291 941 1336 977 est
1360 941 1523 985 debiiior,
1575 945 1701 981 maium
1735 943 1870 995 quidem
1897 941 1942 980 est

216 995 342 1041 magi3‚
396 995 464 1041 agit
490 1001 599 1028 autern
620 996 743 1028 minus.

380 1096 438 1132 VI.
490 1099 532 1133 Et
560 1091 736 1147 quomodo
762 1098 911 1146 potentia
937 1096 1014 1134 esset
1042 1093 1100 1135 ens
1125 1095 1270 1139 malum,
1323 1095 1350 1134 fi
1376 1101 1483 1135 omnis
1510 1100 1677 1148 potentiae
1710 1097 1797 1148 opus
1820 1094 1945 1136 saluare

215 1144 317 1196 ipsam
341 1151 377 1182 in
405 1161 471 1196 quo
499 1148 561 1192 est,
613 1149 739 1184 malum
767 1159 876 1184 autem
908 1148 1036 1199 disfipat
1068 1148 1332 1198 vnuinquodque
1365 1154 1457 1185 cuius
1486 1151 1531 1186 est
1564 1151 1700 1186 malum.
1768 1150 1824 1186 Est
1859 1162 1939 1199 ergo

214 1199 343 1234 malum.
368 1199 518 1234 inefficax
545 1209 576 1234 et
601 1202 766 1248 impotens
793 1198 973 1236 secundum
999 1199 1052 1242 se,
1105 1200 1130 1236 fi
1154 1210 1282 1242 autem,
1336 1210 1368 1235 et
1394 1202 1660 1237 inuoluntarium
1684 1201 1730 1237 est
1758 1212 1793 1237 vt
1824 1204 1868 1237 ait
1901 1200 1941 1236 il-

212 1249 264 1291 le,
319 1259 351 1284 et
375 1251 556 1286 i'nuolitum
584 1252 644 1285 erit
671 1253 799 1300 vtique:
852 1261 884 1286 et
910 1250 955 1287 fic
984 1250 1197 1299 primiffimae
1229 1254 1379 1286 trinitatis
1416 1253 1496 1288 boni
1531 1256 1696 1301 priuatio,
1750 1252 1938 1293 voluntatis.

213 1303 404 1349 potentiae,
455 1304 670 1349 operationis,
721 1301 1141 1351 Bonum-quidem'enim
1174 1312 1206 1337 et
1241 1302 1382 1338 volitum
1421 1304 1485 1345 est,
1540 1313 1726 1351 et4potens
1756 1313 1787 1339 et
1820 1301 1936 1338 efficax
1972 1322 1974 1325 ·

212 1349 394 1388 fecundum
419 1351 516 1400 ipsius
543 1361 713 1393 naturam:
766 1352 895 1387 malum
920 1363 1029 1395 autern
1056 1353 1236 1388 inuolitum
1264 1362 1295 1387 et
1316 1351 1422 1389 debile
1445 1365 1476 1389 et
1503 1353 1668 1390 inefficax.
1715 1356 1835 1403 Neque
1850 1357 1940 1390 enim

213 1403 360 1438 voiitum
386 1404 444 1439 vni
471 1402 566 1452 quod?
600 1406 669 1439 eius
704 1406 958 1452 corruptiuum‚
1009 1417 1118 1452 neque
1145 1404 1441 1453 potentiaequod
1472 1405 1577 1454 potest
1611 1402 1677 1454 ipsa
1710 1402 1936 1454 corrumpere,

212 1466 321 1503 neque
344 1457 544 1504 operationis
570 1453 611 1493 τὲ
638 1468 708 1490 non
735 1453 914 1490 secundum
937 1459 1120 1504 potentiam
1146 1456 1265 1491 habere
1291 1455 1481 1502 hypostasin
1508 1455 1619 1505 ipfiuS.
1673 1456 1735 1491 Sed
1763 1456 1845 1492 ficut
1866 1468 1934 1490 ma-

210 1505 244 1541 la
271 1515 427 1554 appetunt
455 1515 492 1540 vt
522 1509 710 1555 apparentia
743 1506 820 1554 ipfis
852 1506 959 1547 bona,
1013 1516 1044 1542 et
1077 1506 1121 1542 est
1153 1506 1280 1541 malum
1313 1510 1351 1541 iis
1389 1518 1568 1555 apparens,
1622 1508 1765 1543 volitum
1800 1515 1936 1556 propter

210 1559 391 1592 mixturam
417 1557 496 1592 boni
525 1557 587 1593 tale
612 1555 774 1592 dicimus:
822 1556 867 1593 fic
895 1560 1008 1607 vtique
1032 1567 1064 1593 et
1086 1560 1235 1607 potentia
1261 1561 1297 1592 in
1328 1558 1417 1593 malo
1453 1568 1485 1594 et
1516 1555 1618 1594 factio
1653 1559 1697 1593 est
1730 1567 1936 1607 apparenter,

211 1610 288 1656 quia
313 1620 384 1643 non
410 1606 590 1644 secundum
616 1606 649 1643 se
674 1622 782 1658 neque
809 1622 873 1658 qua
899 1609 1035 1656 malum,
1058 1607 1114 1645 sed
1140 1606 1357 1650 extrinsecus,
1396 1613 1448 1644 cui
1475 1619 1506 1646 et
1532 1610 1781 1660 noeevspe'enue,
1816 1609 1850 1645 id
1878 1608 1940 1650 est,

209 1661 300 1694 iuxta
328 1661 452 1700 extitit,
487 1669 519 1695 et
542 1659 583 1695 ad
612 1659 703 1709 quod
732 1659 851 1696 dicitur
877 1660 1013 1696 malum.
1065 1663 1146 1696 Hoc
1170 1672 1250 1709 ergo
1280 1669 1314 1695 et
1337 1662 1421 1696 mihi
1449 1658 1577 1696 videtur
1601 1673 1632 1696 et
1658 1665 1716 1710 qui
1742 1665 1776 1697 in
1803 1661 1934 1696 Theae-

209 1718 279 1743 teto
306 1711 457 1745 Socrates.
483 1709 658 1746 ostendens
684 1708 874 1759 potentibus
897 1711 1081 1760 aliqualiter
1106 1709 1228 1760 affequi
1254 1710 1339 1759 ipsa,
1393 1725 1500 1760 neque
1528 1710 1587 1759 [lf]
1623 1715 1843 1760 priuationem
1877 1724 1935 1748 ne-

207 1772 272 1809 que
298 1765 501 1797 contrarium
526 1762 619 1798 bono
644 1763 772 1798 malum
801 1762 926 1800 dicere,
978 1777 1087 1812 neque
1112 1766 1201 1798 enim
1224 1765 1368 1811 priuatio
1401 1760 1508 1799 facere
1534 1761 1658 1812 aliquid
1687 1775 1825 1812 potens,
1879 1772 1934 1798 aut

206 1812 352 1847 totaliter
377 1822 519 1860 potens:
567 1827 676 1862 neque
702 1817 907 1849 contrarium
933 1814 1024 1863 quod
1049 1813 1229 1849 secundum
1256 1811 1304 1855 se,
1358 1827 1465 1863 neque
1494 1818 1678 1863 potentiam
1694 1858 1695 1861 Ἴ
1712 1828 1821 1864 neque
1854 1818 1936 1863 ope--

205 1865 374 1898 rationem-
397 1864 511 1899 habet:
563 1863 633 1900 sed.
653 1864 699 1902 fic
731 1865 919 1915 aliqualiter·
948 1865 1211 1901 subcontrarium
1244 1864 1351 1913 ipsum
1381 1869 1573 1908 nominare,
1626 1865 1718 1916 quod
1752 1863 1932 1902 secundum

206 1912 239 1948 se
264 1912 403 1962 quidem
429 1914 475 1949 est
496 1918 663 1963 priuati0,
710 1914 787 1966 quia
812 1926 920 1952 autem
947 1930 1018 1953 non
1052 1920 1193 1952 omnino
1228 1913 1373 1965 perfecta
1409 1917 1644 1966 estupriuatio,
1696 1916 1750 1954 fied
1783 1916 1934 1952 similiter

205 1977 284 1999 cum
316 1965 428 2000 habitu
464 1965 680 2003 transsumens
719 1967 760 2003 de
786 1971 952 2016 potentia,
1005 1967 1082 2004 inde
1119 1977 1150 2004 et
1184 1966 1224 2003 de
1260 1971 1388 2016 operari
1430 1971 1466 2003 in
1507 1971 1773 2006 contrariationis
1803 1977 1931 2017 partem

201 2015 429 2059 constituitur,
451 2027 483 2053 et
509 2031 618 2068 neque
643 2022 789 2068 priuatio
814 2019 857 2055 est
882 2017 1040 2069 perfetsta,
1073 2032 1182 2069 neque
1205 2023 1425 2061 contrarium,x
1449 2018 1503 2056 sed
1524 2018 1787 2061 subcontrarium
1804 2020 1907 2055 bono.

369 2120 447 2156 vn.
495 2121 580 2156 Tria
609 2121 692 2163 haec
725 2135 811 2171 quae
843 2118 1007 2158 debilitari
1037 2118 1192 2172 poffimt,
1244 2130 1276 2158 et
1314 2124 1349 2158 in
1392 2121 1509 2172 quibus
1543 2120 1587 2157 esi
1619 2120 1767 2165 malum,
1819 2125 1932 2159 anima

204 2170 427 2218 particularia,
478 2175 605 2208 animae
632 2171 761 2209 idolum
788 2174 842 2218 (in
869 2175 1079 2217 animalibus)
1107 2184 1138 2209 et
1165 2186 1295 2222 corpuS.
1347 2176 1512 2221 Corpori,
1534 2182 1667 2219 >praeter
1687 2173 1926 2222 naturameffi:

203 2223 333 2256 animae
357 2219 473 2267 idolo,
496 2232 631 2269 praeter
648 2227 803 2260 rationem
827 2225 901 2273 effe:
941 2229 1089 2266 animae,
1127 2233 1261 2272 praeter
1286 2226 1472 2260 intellefflmz
1496 2224 1564 2271 effla
1614 2226 1802 2261 Secundum
1828 2229 1926 2262 ratio·

202 2285 281 2308 nem
304 2275 391 2308 vitae
415 2272 581 2314 defectus,
628 2278 815 2325 aegritudo:
867 2287 899 2314 at
931 2279 1117 2327 ignorantia
1150 2287 1181 2312 et
1217 2276 1401 2312 intellectus
1434 2279 1594 2325 priumie,
1635 2278 1834 2324 ‘tm-pitacio,
1885 2276 1926 2312 fi-

201 2335 241 2359 ve
262 2327 348 2360 circa
369 2320 530 2367 διάνοιαν,
551 2326 621 2363 siue
645 2331 729 2365 circa
756 2331 968 2379 opinionem,
994 2331 1060 2367 hoc
1087 2327 1132 2364 est
1156 2332 1226 2365 iam
1250 2327 1414 2370 scientiae,-
1440 2331 1506 2364 iam
1532 2331 1609 2364 artis
1631 2331 1757 2378 inopia.
1806 2329 1927 2376 Turpe

553 2386 555 2388 ’
1813 2387 1926 2414 autem.
