2023 2656
21 171 190 222 votvm..
200 172 225 206 1>-
236 160 365 206 mim
662 169 723 207 DE
749 169 1091 209 ELECTroNOEVS.

127 268 285 316 Qamuis
301 277 436 314 grauem
452 264 608 301 morbum
622 265 672 301 illi
686 269 758 301 viro
776 265 955 303 induxerit.

124 319 158 352 Si
174 330 252 353 vero
269 315 336 352 fine
351 316 466 352 labore
483 331 520 352 ac
536 320 629 365 graui
646 329 801 354 moerore

21 376 90 412 310.
116 368 206 404 Velis
221 367 362 416 dirigere
380 368 534 403 auxiliare
549 365 689 410 ferrum,

117 421 243 455 Lunam
258 417 483 467 splendentem
502 432 578 454 cum
592 422 675 454 Ioue
692 421 868 468 Aegiocho
892 419 1014 470 inspice

119 474 187 506 Aut
202 484 278 505 cum
296 473 444 510 Venere,
471 480 502 505 et
515 484 616 519 quum
633 470 690 505 lux
713 470 900 506 decrescens

117 520 243 563 Cessat,
271 535 287 555 a
302 519 479 560 ‚dimidiato
496 519 606 556 mense
623 522 778 570 vigesima
805 520 891 566 (die)
918 533 950 558 et
975 522 1120 565 vberius,

115 576 344 621 Praeterquam
360 575 395 606 iu
409 571 582 621 congressu
593 601 602 614 ,
630 587 706 607 nam
723 572 890 608 sanitatem
912 574 1028 609 melius
1051 575 1215 622 perficieS‚

18 633 81 669 315.
108 626 139 660 Si
156 626 303 659 vitaveris
319 620 487 658 extensum
501 623 599 659 lunae
616 626 649 657 in
665 625 903 659 coniunctione
917 624 1139 673 splendorem.

115 676 271 711 Similiter
288 687 391 722 quum
406 687 468 709 vna
482 674 669 722 procedunt
684 678 800 710 oceani
821 676 860 710 ab
875 680 968 725 aquis

117 724 252 764 Lucifer
268 726 320 761 vel
333 728 477 773 Iupiter,
506 725 652 762 efficiunt
665 725 838 762 salutarem
862 726 1159 768 venaesetstionem,

75 798 78 805 ·
115 780 169 814 Sic
183 776 317 826 quando
336 790 453 811 venam
476 776 621 812 incidere
636 775 794 826 sanguine
807 778 965 826 repletam

112 827 305 872 Defideras,
329 830 379 862 his
392 827 552 863 mandatis
576 831 636 867 mm)
662 828 818 864 obediens
835 829 916 865 esto.

15 890 88 922 320.
114 883 147 915 Si
164 892 243 914 vero
260 883 307 914 vis
322 878 403 914 scire
418 892 517 927 opera
531 882 632 914 noxia
654 878 843 922 seruorum,

114 933 181 980 Qi
196 929 271 966 suos
285 931 478 979 relinquunt
490 933 527 965 in
546 929 678 965 aedibus
694 931 866 974 dominos,

110 985 151 1018 In
168 992 287 1018 terram
304 992 474 1018 externam
496 981 595 1017 celeri
618 980 703 1029 pede
726 988 899 1031 vagantur,

111 1032 241 1070 famuli
257 1032 407 1069 damnofi
421 1031 553 1068 suauem
567 1033 753 1081 linquentes
774 1034 899 1075 cibum,

112 1085 233 1134 Neque
248 1086 447 1120 memoriam
464 1083 594 1118 mensae
613 1083 827 1127 domesticae,
855 1097 962 1134 neque
979 1087 1072 1121 Iouis

11 1144 81 1179 325.
106 1136 247 1172 Hercaei
261 1135 383 1171 sacram
397 1138 613 1170 reuerentiam
622 1145 731 1170 mente
747 1148 946 1172 venerantes,

110 1189 267 1224 Attamen
284 1198 318 1222 tu
337 1186 450 1220 talium
467 1198 603 1233 quoque
618 1187 798 1221 hominum
821 1185 991 1222 confidera
1013 1186 1133 1225 fatum.
1180 1198 1183 1200 “

111 1239 145 1272 si
162 1237 298 1286 quidem
311 1237 441 1272 incedat
456 1234 533 1271 diua
546 1237 625 1272 luna
640 1236 821 1284 conspicuo
837 1250 913 1272 cum
929 1240 1043 1280 ariete,

108 1289 228 1324 Statim
244 1289 340 1324 illum
355 1287 548 1329 adduxeris,
576 1288 726 1323 celeriter
745 1298 777 1322 et
793 1287 860 1336 ipse
877 1288 1031 1325 adueniet

107 1340 261 1376 Hei-ilem
277 1339 315 1374 ad
334 1338 493 1380 domum,
518 1353 536 1373 a
554 1349 644 1374 metu
661 1339 751 1374 velut
767 1338 904 1387 quidam
927 1337 995 1384 fur,

9 1401 76 1434 330.
103 1391 217 1427 Corde
232 1391 410 1438 palpitante
425 1400 457 1425 et
475 1393 595 1426 timore
611 1390 800 1426 stimulante

104 1444 297 1488 Lachryniis
319 1441 514 1477 terribilibus
536 1439 686 1489 perfusus
705 1442 885 1490 apparebit.

105 1495 220 1542 Qum
236 1507 316 1529 vero
335 1502 464 1528 taurum
480 1493 577 1528 habet
592 1496 713 1529 iterum
729 1495 863 1529 veniens
887 1502 1028 1530 cornuta
1049 1492 1144 1536 luna⁷

104 1546 227 1582 Diuitis
245 1547 279 1580 in
296 1543 430 1580 aedibus
450 1547 509 1579 viri
531 1557 643 1580 errans

102 1595 303 1632 Perniciosus
319 1593 429 1632 seruus
445 1599 480 1630 in
493 1597 629 1631 occulto
643 1595 757 1633 lateat:
783 1598 838 1641 vix
855 1597 944 1632 enim
959 1594 1028 1632 suas
1044 1600 1079 1633 in
1095 1595 1190 1633 aedes

5 1657 71 1692 333.
99 1645 260 1684 Industria
275 1645 449 1683 necessaria
463 1660 539 1682 eum
553 1647 710 1683 dominus
726 1645 833 1684 rursus
848 1650 996 1696 recipiet,

38 1699 43 1703 ⁶
102 1697 210 1735 Valde
227 1699 332 1734 multa
348 1697 516 1747 perpessus
531 1708 562 1734 et
577 1700 835 1747 cogitationibus
849 1698 1013 1735 laborans.

99 1751 213 1799 Qum
229 1762 308 1789 vero
323 1753 358 1785 in
373 1749 540 1794 Amycleis
555 1748 646 1784 vides
659 1760 836 1786 cornutam
851 1749 964 1786 lunam

100 1801 297 1842 1uuenibus,
326 1801 475 1836 celeriter
491 1814 568 1837 eum
584 1803 619 1836 in
633 1800 775 1838 domum
790 1813 880 1837 tuam
896 1799 1098 1839 introducas.

102 1855 146 1888 At
164 1850 187 1887 ss
202 1850 369 1902 aufugerit
381 1862 411 1886 et
426 1865 485 1900 per
503 1855 650 1902 quinque
665 1851 733 1889 dies
756 1852 908 1889 occultos

2 1911 78 1950 340.
102 1905 235 1945 lateat,
263 1917 340 1939 eum
355 1902 405 1937 vel
421 1903 494 1951 post
509 1907 640 1939 tertium
652 1903 798 1940 mensem
821 1906 970 1953 recipies-

99 1955 154 2003 [If]
184 1957 297 2003 Qum
316 1967 395 1990 vero
410 1953 450 1988 ad
465 1968 619 1990 cancrum
643 1954 783 1991 domum
795 1954 886 1991 suam
899 1955 981 1992 luna
1005 1957 1120 2006 regina

98 2005 338 2048 Proficiscitm
366 2009 513 2041 inuenies
529 2009 618 2041 sacro
636 2009 670 2042 in
687 2007 767 2042 loco
787 2004 964 2049 famulum,

96 2056 161 2094 vel
174 2060 206 2092 in
222 2055 363 2094 delubro
381 2058 509 2092 occulte
529 2056 715 2106 degentem.

98 2107 249 2144 Secunda
270 2113 304 2144 in
317 2108 369 2144 die
386 2122 403 2143 a
415 2109 541 2157 templo
557 2108 735 2157 supplicem
749 2108 893 2146 adduces

0 2170 65 2206 345.
90 2160 249 2196 Porrcc'lis
265 2160 413 2195 manibus
427 2161 689 2202 horrescentem,
719 2160 869 2197 dentibus
891 2160 1093 2201 stridentem.

96 2211 132 2247 Si
146 2222 224 2247 vero
238 2210 278 2247 fit
298 2214 384 2248 circa
405 2211 510 2248 ssellas
525 2213 682 2250 Nemeaei
701 2212 822 2256 leonis,
860 2246 863 2249 .

918 2268 951 2302 V
964 2280 984 2302 v
1010 2278 1028 2310 3

37 2383 112 2419 mm)
133 2378 339 2418 Ἐφημοσῦνκις.

1394 169 1514 209 LibJV,
1527 169 1642 218 “XX
1691 179 1747 213 341

1677 2265 1721 2303 Et
