2023 2656
1 187 13 193 x
50 168 174 196 Voi.1x.
199 173 275 201 1140
316 177 319 181 ¹
399 163 635 202 RECENTT.
663 164 948 202 SCRIPTORES
974 164 1036 201 DE
1058 163 1261 201 SANCTIS.
1352 160 1671 200 Lib.V.c.XXIX.
1725 171 1782 207 159

50 264 156 300 Index
168 265 225 298 SS.
240 264 431 311 Martyrum
446 274 593 312 quorum
606 273 750 310 corpora
765 262 798 296 S.
813 261 969 309 Gregorii
987 261 1039 295 M.
1055 258 1257 307 temporibus
1275 260 1405 295 Romae
1422 257 1648 308 quiescebant,
1674 253 1782 292 editus

154 315 194 351 ab
211 312 368 350 eruditiss.
385 316 574 351 Muratorio
592 323 674 348 tom.
692 316 735 348 ΙΙ.
758 311 962 349 Anecdotor.
980 312 1085 347 Latin.
1101 324 1133 360 p.
1152 323 1219 356 191.
1381 312 1383 315 ’

51 399 146 446 [Diui
169 401 305 448 Georgii
318 400 484 435 Florentis
504 400 679 447 Gregorii,
704 395 850 447 episcopi
870 398 1023 433 Turonici
1044 409 1164 445 opera,
1192 393 1260 432 scil.
1275 394 1316 431 de
1331 395 1439 444 gloria
1455 404 1641 439 martyrum
1656 403 1689 430 et
1702 406 1782 430 con-

155 450 316 488 fefforum
344 452 421 487 libri
445 452 505 489 111,
530 449 572 485 de
590 450 757 486 miraculis
777 451 810 485 S.
834 451 976 485 Martini
1003 449 1194 500 Turonensis
1213 448 1288 483 libri
1313 449 1369 483 iv.
1393 446 1434 481 de
1455 449 1526 482 vitis
1546 458 1678 496 patrum
1699 445 1783 481 liber

154 516 238 539 vnus
251 530 261 545 ,
290 501 332 538 de
355 501 480 551 septem
500 499 739 537 dormientibus
752 504 788 537 in
802 503 924 536 maiori
939 500 1140 535 monasterio
1157 512 1262 548 prope
1278 500 1457 534 Turonem
1470 491 1554 533 libe'r
1574 511 1677 540 vnus;
1710 495 1785 532 dili-

155 558 247 606 genti
263 568 362 604 opera
380 564 412 589 et
427 551 493 588 fide
505 562 655 588 veterum
672 551 770 588 codd.
785 550 942 599 exscripti
959 549 1124 587 emendati
1141 561 1173 586 et
1190 551 1275 587 audii
1288 550 1402 586 labore
1415 559 1448 584 et
1470 547 1628 584 industria
1647 551 1695 583 Io.
1717 550 1784 583 Ba·

157 607 287 651 lisdem.
311 615 404 654 partt.
419 607 461 640 11.
487 606 556 640 Par.
572 606 665 647 1640.
683 613 728 638 12.
755 605 797 639 11.
815 603 896 638 voll.
917 613 949 638 et
965 605 998 637 in
1012 603 1095 638 Bibl.
1110 616 1197 637 max.
1217 612 1347 651 patrum
1368 599 1475 650 Lugd.
1491 610 1573 635 tom.
1590 602 1644 635 Χ1.
1662 612 1695 647 p.
1712 605 1781 641 183.

156 657 227 707 sqq.
249 657 364 702 Hui-‚Q
390 675 441 683 —-·
490 657 559 691 Hic
572 667 708 704 quoque
720 652 937 690 memoranda
955 653 1000 689 est
1012 654 1125 689 Paulli
1137 654 1298 701 Awglzii
1312 655 1425 688 Roma
1442 651 1646 688 subterranea
1670 652 1784 685 nouis-

155 710 259 752 sima,
286 708 418 756 vulgata
432 708 564 742 Romae
583 709 666 751 1651.
694 708 788 742 Paris.
805 706 895 751 1659.
931 705 1145 754 locupletiori
1172 716 1203 741 et
1223 703 1441 740 emendatiori
1466 715 1565 746 cura3
1594 700 1713 737 deinde
1736 715 1783 737 re-

157 758 237 796 cusa‘
249 761 408 795 Arnhetn.
427 760 514 801 1671.
534 771 611 794 cum
628 758 764 807 figuri53
790 758 952 806 huiusque
967 756 1133 792 translatio
1148 759 1315 792 teutonica
1332 769 1409 791 cuin
1424 754 1541 790 titulo:
1581 750 1785 789 Unterirrdi-

157 811 249 859 sches
265 813 375 850 Rom,
398 807 504 845 durch
521 809 701 856 Chrssoplz.
715 811 888 846 Baumann
902 807 1108 845 verteutscht.
1135 809 1295 844 Arnhem.
1313 809 1406 846 1663.
1433 820 1511 842 cum
1524 805 1605 855 figg.
1622 803 1689 839 vid.
1701 802 1783 840 Bibl.

158 860 408 900 Thomafianae
432 871 512 897 tom.
531 863 557 896 1.
581 874 612 909 p.
632 866 708 904 488.
737 874 757 896 a
781 861 840 897 Ge.
867 860 990 909 Woljg.
1006 861 1163 896 Panzero
1183 858 1298 895 editae.
1352 860 1520 902 Imprimis
1540 856 1715 892 euoluatur
1737 857 1785 890 hi-

156 915 256 952 floria
278 913 427 948 biblioth.
454 913 680 954 fabricianae‚
718 922 798 960 part.
818 914 857 947 11.
881 914 913 960 §.
931 918 986 952 80·
1042 914 1163 961 Agitur
1186 914 1272 946 inter
1292 910 1351 946 alia
1373 913 1408 946 in
1433 909 1493 945 illo
1522 921 1624 956 opere
1647 920 1721 943 raro
1745 905 1786 942 de

161 965 383 1006 catacmnbim,
413 963 463 999 vel
480 962 571 1012 quafi
588 961 741 1011 sepulcris
758 973 906 1000 veterum
927 971 1111 1010 martyrum
1136 962 1409 1002 christianorum,
1443 959 1707 1008 inscriptionibus
1730 971 1785 1007 pe-

160 1017 336 1055 culiaribus
351 1015 523 1063 insigniti&
574 1014 778 1051 Adtentione
790 1027 894 1063 porro
912 1013 1032 1064 dignus
1045 1014 1090 1050 efi
1102 1014 1203 1054 liber,
1225 1016 1357 1049 Romae
1374 1025 1464 1056 ¹720·
1490 1010 1610 1046 editus:
1638 1008 1786 1046 Offerva-

163 1072 258 1105 zioni
279 1067 373 1116 sopra
389 1071 398 1102 i
416 1069 567 1102 Cimiteri
582 1064 633 1102 de’
649 1068 738 1102 Santi
754 1067 885 1102 Martiri
900 1078 930 1101 et
947 1067 1069 1101 antichi
1086 1065 1263 1102 Christiani
1280 1063 1312 1099 di
1326 1067 1439 1101 Roma
1462 1064 1501 1097 11.
1517 1062 1596 1098 voll.
1615 1059 1675 1097 foi.
1704 1063 1786 1097 Nar-

162 1124 248 1158 ratio
264 1117 370 1154 fusior
391 1117 432 1154 de
446 1119 654 1156 Catacornbis
671 1115 851 1153 offenditur
865 1121 920 1152 in:
939 1119 989 1153 Io.
1006 1119 1128 1165 Georg.
1146 1118 1309 1165 Keysslers
1328 1114 1476 1153 neuesser
1494 1111 1590 1152 Reise
1610 1124 1670 1150 ete.
1695 1115 1787 1148 Han-

163 1184 282 1209 nouer.
300 1182 394 1214 1740.
416 1180 499 1205 tom.
515 1173 540 1204 Ι.
567 1183 599 1218 p.
614 1172 684 1214 655.
699 1168 745 1218 sq.
767 1179 850 1205 tom.
869 1171 910 1206 11.
929 1182 1004 1218 pag.
1026 1181 1073 1215 ¹9·
1089 1169 1179 1219 seqq.
1206 1168 1308 1214 sixt]

61 1275 286 1322 Necrologium
309 1272 339 1306 S.
353 1268 530 1316 Dionysii,
560 1269 733 1319 vulgatum
753 1283 771 1303 a
793 1270 899 1305 Mich.
925 1269 1127 1310 Fehbieuio,
1160 1269 1329 1304 monacho
1355 1266 1570 1304 Benedidiino
1593 1268 1627 1301 in
1642 1265 1790 1301 Historia

164 1326 323 1365 Abbatiae
337 1322 454 1371 regalis
469 1323 502 1360 S.
518 1320 672 1365 Dionyfii
688 1319 773 1356 edita
791 1321 926 1370 gallice,
954 1317 1049 1356 Paris.
1068 1323 1160 1365 1706,
1179 1319 1238 1356 sol.
1294 1319 1387 1355 Plura
1406 1317 1569 1354 eiusmodi
1590 1316 1712 1353 inedita
1734 1329 1790 1352 ne·

165 1376 316 1424 crologia
339 1383 503 1410 memorat
525 1375 670 1410 Labheus
694 1375 727 1408 in
742 1373 827 1409 Bibl.
843 1386 933 1409 noua
945 1373 1124 1410 MStorum
1149 1386 1224 1422 pag.
1241 1384 1288 1415 33.

65 1464 246 1517 [„Scripta
262 1460 304 1497 de
320 1463 394 1495 vitis
411 1460 567 1495 Selorum
581 1459 694 1495 multis
708 1457 770 1495 effe
786 1456 903 1495 fabulis
920 1458 1060 1508 repleta,
1089 1457 1243 1494 dolenter
1255 1455 1364 1494 scribit
1380 1471 1417 1492 ac
1432 1453 1550 1491 fatetur
1572 1466 1713 1504 magnus
1741 1465 1794 1488 ro.

50 1535 51 1538 *
169 1527 286 1553 manae
300 1510 454 1548 ecclesiae
468 1509 591 1547 dostor
605 1521 637 1547 et
653 1510 824 1560 episcopus
840 1510 1065 1553 Canarienfis‚
1092 1511 1247 1545 ,Melchior
1264 1509 1373 1546 Canus
1387 1513 1422 1544 in
1438 1508 1519 1543 locis
1545 1507 1694 1554 theoiog.
1718 1505 1792 1544 libr.

167 1568 213 1606 11,
237 1578 307 1614 cap.
325 1565 388 1598 6.“
415 1559 489 1598 sunt
501 1563 597 1598 verba
612 1565 659 1598 Io.
674 1565 811 1598 Fabricii
828 1565 861 1598 in
877 1565 971 1598 excit.
990 1562 1103 1598 histor.
1123 1562 1341 1596 bibliothecae
1356 1560 1452 1595 iilius.
1480 1561 1564 1594 Silvi.
1593 1578 1642 1585 —
1672 1559 1794 1605 Legen-

169 1618 226 1655 das
242 1617 309 1653 siue
324 1618 403 1650 vitas
423 1615 579 1650 Setorum
593 1617 682 1650 reiici
699 1615 738 1648 ab
753 1613 828 1664 ipsis
846 1613 1054 1651 doctioribus
1068 1613 1270 1663 pontificib,
1293 1611 1399 1650 scribit
1413 1612 1504 1648 Rich.
1525 1613 1683 1647 Simonias
1703 1607 1795 1657 epist.

168 1669 224 1708 sel.
239 1675 270 1710 8.
296 1677 379 1704 torn.
393 1669 419 1703 1.
440 1679 516 1717 pag.
535 1678 585 1714 93.
611 1665 743 1712 Humi]
1670 1673 1678 1677 -

605 1788 827 1839 Recentiorum
854 1789 1042 1826 colleffiones
1068 1788 1104 1824 de
1130 1786 1265 1824 szffls.
1325 1803 1328 1807 ·

71 1882 195 1919 Bonim'
217 1854 396 1915 Mornbritii
418 1873 680 1913 Mediolanenfis
698 1875 942 1925 Legendarium
957 1874 1026 1911 siue
1043 1876 1125 1911 Acta
1146 1874 1342 1909 Sanctorum
1358 1871 1402 1908 ΙΙ.
1417 1870 1555 1908 Volum.
1574 1866 1635 1907 fol.
1664 1866 1799 1907 Medio-

172 1933 237 1969 lan.
252 1941 347 1974 1474.
375 1941 448 1965 raro
471 1929 612 1964 obuium
625 1941 719 1977 opus.
746 1930 846 1963 Fnz'ir.

75 2015 266 2068 [Eiusmodi
285 2015 524 2053 collectionum
542 2013 732 2063 cataloguS‚
759 2013 784 2048 si
800 2026 903 2062 opus,
932 2023 987 2048 aut
1003 2015 1114 2061 potius
1134 2022 1205 2048 non
1226 2011 1369 2047 alienum
1396 2009 1562 2046 videretur
1586 2009 1628 2044 ab
1651 2006 1798 2044 instituto

178 2080 210 2107 et
226 2067 368 2105 consilio
383 2066 598 2102 bibliothecae
613 2079 770 2114 graecae,
796 2063 903 2114 posset
917 2065 968 2101 vel
983 2079 1021 2100 cx
1038 2066 1171 2099 Panzeri
1194 2067 1234 2099 A.
1249 2064 1295 2098 T.
1321 2062 1414 2104 (vide
1435 2061 1501 2097 ind.
1527 2061 1594 2097 vol.
1610 2063 1651 2096 V.
1672 2072 1704 2107 p.
1727 2069 1800 2102 450·

175 2121 224 2171 sq.
242 2131 273 2156 et
287 2121 343 2156 Χ1.
364 2131 439 2167 pag.
460 2123 530 2161 178.
555 2116 631 2152 alibi
648 2115 704 2152 sub
721 2118 913 2153 nominibus
929 2116 1205 2161 collectionum)
1234 2113 1328 2150 valde
1345 2114 1552 2163 amplificari.
1605 2114 1715 2157 Qare
1734 2110 1804 2144 bre-

178 2176 284 2209 vitatis
299 2169 406 2207 fludio
426 2179 552 2205 tantum
565 2171 620 2204 hic
634 2170 784 2205 excitabo
799 2172 1002 2218 antiquiores
1017 2167 1178 2203 editiones
1191 2168 1342 2203 Vztarum
1356 2167 1512 2210 SHomcm,
1539 2161 1692 2200 Norimb.
1713 2165 1803 2203 1478.

182 2232 275 2268 1483.
300 2220 363 2259 fol.
390 2241 441 2248 —
472 2223 618 2257 Venetiis
638 2227 728 2264 1433.
747 2219 807 2265 fol.
841 2233 931 2263 1500.
954 2232 986 2263 4.
1024 2238 1061 2245 -
1104 2218 1264 2255 Cassellae
1283 2225 1370 2261 1481.
1391 2230 1424 2261 4.
1450 2237 1499 2243 —
1535 2215 1603 2251 sine
1623 2213 1691 2249 loci
1712 2221 1803 2252 nota,

184 2283 275 2319 ¹483.
291 2280 389 2319 ¹485·
404 2271 468 2309 sol.
495 2283 585 2316 1500.
602 2275 636 2308 in
650 2284 681 2316 4.
708 2292 759 2314 ·-:
787 2272 906 2310 Vlmae
920 2271 989 2310 sine
1004 2284 1112 2314 anno,
1138 2268 1201 2311 fol.
1228 2271 1386 2316 (Goion.)
1412 2268 1433 2307 s.
1450 2268 1473 2306 1.
1495 2278 1526 2304 et
1541 2281 1569 2303 a.
1579 2262 1649 2318 101.
1663 2284 1712 2294 —
1737 2262 1806 2299 fine

183 2327 207 2365 1.
223 2337 254 2364 et
269 2341 297 2363 a.
314 2324 379 2366 fol.
396 2334 459 2362 etc.
484 2324 602 2371 Har-L]
1097 2339 1107 2345 „

1631 2412 1810 2465 Anonymi
