2023 2656
79 152 396 202 ὯόΙ-ἮΠ-Μῡζζςξ
427 152 490 190 DE
516 153 650 188 PROV.
676 150 744 186 ET
772 149 898 187 FATo
922 150 988 186 AD
1012 149 1195 186 THEOD.
1222 150 1372 188 MECH.
1402 153 1464 188 Lib
1485 154 1532 190 V.
1548 166 1571 189 c⁴
1586 153 1692 190 XXI.
1742 166 1803 200 393

76 259 111 285 to
140 253 230 285 enim
254 245 391 295 estffipse
412 250 470 296 qui
496 247 635 289 clamat,
688 244 779 296 quod
801 248 920 294 vtique
946 247 1190 281 interimentem
1217 242 1385 282 scientiam
1408 244 1452 282 de
1485 246 1581 283 nulio
1615 259 1724 297 neque
1755 247 1797 285 de

74 304 290 349 contingente
316 297 424 334 adhue
449 299 613 335 affirmare
639 296 802 346 possibile.
854 295 918 332 Sed
951 308 1061 346 quam·
1083 294 1218 346 quidem
1249 295 1414 333 scientiam
1445 296 1550 334 sumet
1582 302 1694 348 vtique
1727 303 1795 336 ani·

70 364 125 387 ma
150 362 182 386 et
209 363 286 386 cuin
313 363 457 399 corpore
482 364 559 391 ens,
612 360 643 386 et
664 363 766 400 quam
790 359 900 398 erepta
925 363 945 384 a
971 348 1127 391 vinculo,
1171 358 1202 384 et
1237 361 1316 399 quas
1351 348 1486 398 quidem
1519 353 1728 396 cognitiones
1753 344 1794 387 fiss

68 403 142 438 niul
168 412 199 437 et
225 414 296 437 non
322 400 468 437 scientias
495 399 560 437 effe
585 411 700 451 ponet.
752 405 861 437 Vnam
888 413 998 436 autem
1023 413 1115 443 eam,
1168 413 1253 449 quae
1287 410 1322 435 vt
1345 413 1422 438 vere
1446 399 1613 436 scientiam
1639 412 1670 436 et
1696 403 1793 439 intel-

69 453 195 490 ledum
221 451 350 488 scientia
375 453 553 489 meliorem
578 464 610 488 et
635 453 806 488 intellectu
836 451 1043 487 diuinificam
1074 451 1350 502 intelligentiam,
1391 462 1435 491 -et
1465 454 1552 487 hanc
1583 449 1647 486 effe
1677 457 1793 502 cogni-

69 507 198 540 tionem
225 516 325 552 quam
350 507 459 540 anima
483 503 688 552 phantafians
715 514 747 539 et
773 507 810 539 in
833 505 897 538 hac
922 507 985 538 vita
1011 506 1159 552 accipere
1181 516 1255 540 non
1281 514 1400 552 potens
1433 501 1594 539 desiderat
1623 515 1700 538 eum
1736 508 1792 554 qui

68 569 86 590 a
113 568 258 603 corpore
286 558 431 596 exitum,
484 565 642 604 tanquam
676 556 735 590 tibi
767 553 920 591 sortitura
951 554 1188 604 supernaturali
1216 556 1282 591 hae
1315 565 1348 591 et
1382 555 1521 592 diuinali
1544 557 1674 591 entium
1700 568 1793 593 com-

65 605 296 656 prehenstone.
347 609 401 643 De
426 609 466 641 iis
491 605 628 657 quidem
655 609 754 657 igitur
776 605 860 643 satis.

231 711 350 746 XLIII.
401 708 654 759 Consequenter
676 720 788 746 autem
819 713 860 746 iis
888 723 974 759 quae
1004 707 1149 745 diximus
1183 708 1330 751 dubitas,
1377 722 1442 746 cur
1472 712 1586 759 vtique
1609 709 1692 746 boni
1719 714 1790 760 qui-

65 759 143 797 dem
169 758 310 796 deterius
335 771 459 810 agunt,
511 772 682 810 peccantes
712 776 734 797 a
766 762 886 797 finibus
919 774 1002 810 quos
1035 760 1308 810 praestituerunt3
1355 761 1439 809 *mali
1472 771 1583 797 autem
1610 759 1790 800 sortiuntur

62 825 101 848 ea
127 824 212 860 quae
233 816 417 861 appetunt?
468 813 529 848 Tu
556 812 692 862 quidem
716 814 828 862 itaque
853 814 885 848 et
910 815 977 848 hoe
1001 811 1164 849 existimas
1189 811 1253 849 effe
1275 821 1508 862 argumentum
1532 814 1643 854 huius,
1697 813 1792 862 quod

64 877 137 900 non
161 862 202 899 fit
227 861 268 902 τὲ
296 868 331 899 in
358 864 465 900 nobis.
517 866 559 900 Et
586 863 723 913 quidem
747 864 825 900 licet
848 876 882 900 et
904 865 975 900 aliis
999 864 1183 900 melioratis
1214 863 1396 900 secundum
1427 862 1668 900 dubitationem
1699 865 1789 900 dice·

63 928 118 957 re,
169 915 262 964 quod
289 915 314 952 si
340 919 408 951 eius
434 914 527 964 quod
552 928 624 951 non
657 915 695 951 fit
727 914 768 954 τὲ
799 919 837 951 in
867 917 983 957 nobis,
1034 916 1080 951 est
1107 927 1340 964 argumentum
1373 917 1460 957 hoc,
1514 914 1608 966 quod
1640 929 1712 951 non
1743 914 1788 952 se-

63 965 211 1002 cundum
237 966 440 1003 intellectum
475 970 630 1002 eueniunt
664 967 761 1002 bonis
793 971 950 1014 negotia3
1003 976 1035 1002 et
1068 970 1139 1002 eius
1173 965 1266 1016 quod
1295 966 1337 1003 fit
1366 968 1449 1003 haec
1483 965 1574 1015 quod
1607 965 1789 1004 secundum

60 1016 152 1065 spem
177 1018 345 1054 maiorum
371 1016 438 1067 ipsa
466 1018 570 1059 fiunt,
622 1016 715 1053 idem
746 1028 983 1067 argumentum
1011 1020 1086 1054 erit.
1154 1018 1280 1055 Melius
1311 1027 1425 1054 autem
1456 1030 1530 1053 non
1560 1022 1787 1066 oppugnatiue

59 1067 204 1105 sermoni
231 1068 392 1111 adiicere,
444 1067 500 1105 sed
526 1067 698 1105 ostendere
722 1070 781 1105 tibi
806 1080 952 1112 tantum,
1004 1068 1098 1118 quod
1135 1068 1375 1105 dubitationem
1407 1070 1493 1104 hanc
1517 1081 1588 1105 non
1618 1068 1662 1104 ad
1687 1072 1789 1105 inter-

61 1124 246 1156 emtionem
285 1123 354 1155 eius
394 1119 487 1169 quod
526 1124 563 1156 in
604 1122 720 1162 uobis,
771 1125 855 1156 noui
888 1123 1045 1168 antiquos
1072 1130 1322 1168 proponentes,
1375 1118 1431 1155 sed
1462 1118 1504 1154 ad
1538 1119 1787 1168 inquisitionem

0 1179 5 1184 '
60 1172 303 1208 Prouidentiae.
356 1171 412 1216 [P]
439 1173 482 1206 Et
498 1173 603 1219 magis
618 1170 862 1218 perseueranter
884 1173 1110 1219 agonizantes,
1134 1169 1178 1204 ad
1201 1170 1308 1219 ipsum
1333 1170 1506 1205 Plotinum
1519 1170 1626 1211 illum,
1654 1171 1786 1205 Iambli-

61 1225 181 1263 chum,
233 1225 457 1270 aequiuocum
483 1221 554 1256 tibi.
590 1224 636 1263 ¹¹⁹)
694 1223 829 1256 Etenim
859 1232 953 1257 enter
982 1224 1136 1256 concutit
1165 1219 1210 1256 de
1242 1219 1456 1256 Prouidentia
1487 1220 1613 1256 nostras
1644 1222 1786 1258 inuictas

58 1275 343 1323 praeacceptiones
371 1269 592 1312 foi-tunaiium
619 1284 729 1308 rerum
762 1271 979 1320 inexspectata
1005 1272 1132 1314 illatio,
1182 1281 1217 1307 et
1249 1270 1465 1307 intelle&uali
1495 1270 1701 1320 inspetstione
1734 1274 1784 1308 in-

59 1325 150 1374 diget
181 1326 379 1375 negotium,
431 1322 456 1359 si
483 1322 599 1359 debeat
622 1326 697 1373 quis
727 1321 884 1359 occursor
911 1337 932 1358 a
963 1321 1172 1359 dubitatione
1203 1323 1263 1359 ista
1295 1322 1435 1358 saluatus
1466 1325 1674 1358 committere
1705 1325 1784 1359 Pro-

59 1376 222 1413 videntiae
247 1389 358 1412 omne.
411 1376 504 1411 Noui
527 1373 665 1423 quidem
690 1377 809 1423 igitur,
860 1384 897 1410 vt
921 1372 1012 1414 dixi,
1060 1388 1135 1413 non
1159 1373 1201 1412 ad
1225 1377 1496 1412 interemtionem
1521 1377 1591 1410 eius
1622 1372 1718 1425 quod
1745 1377 1783 1411 in

58 1430 174 1470 nobis,
225 1427 281 1465 sed
307 1424 536 1464 Prouidentiae
559 1427 642 1461 haee
667 1425 814 1462 dubitata
844 1425 1024 1476 prioribus.

222 1533 338 1568 XLIV.
390 1527 495 1579 Qod
521 1538 631 1566 autem
666 1538 700 1565 et
731 1532 832 1571 haec,
883 1543 957 1567 non
988 1529 1099 1567 multo
1133 1542 1219 1580 opus
1249 1528 1295 1567 est
1328 1538 1545 1580 argumento,
1595 1527 1679 1564 sicut
1712 1531 1782 1565 eius

48 1582 147 1637 ,quod
174 1597 245 1620 non
271 1581 311 1618 sit
335 1581 376 1622 τὲ
405 1584 440 1617 in
474 1581 593 1621 nobis,
646 1578 703 1616 sed
737 1580 839 1630 quodi
862 1579 924 1624 fit,
974 1585 1080 1632 magis
1110 1581 1334 1623 addiscemus,
1383 1580 1471 1618 illud
1505 1581 1783 1630 cointessigenteS.

56 1635 159 1687 Qod
176 1635 258 1683 'ergo
284 1633 408 1670 nuliius
435 1634 531 1668 nobis
559 1630 708 1668 dominis
732 1633 879 1676 entibuS,
931 1647 1042 1682 neque
1067 1633 1242 1670 elestiuam
1264 1636 1366 1669 vitam
1390 1634 1583 1675 habentibus
1608 1647 1627 1667 a
1659 1630 1781 1680 scipsis,

55 1701 164 1739 neque
191 1688 288 1722 bonis
314 1698 422 1734 neque
445 1684 540 1719 malis
566 1697 584 1719 a
610 1685 708 1719 nobis
734 1684 884 1726 entibus,
926 1683 991 1721 ·sed
1018 1685 1183 1733 plasmatis
1215 1684 1369 1731 aliunde,
1421 1698 1493 1722 non
1524 1684 1635 1720 adhuc
1663 1683 1782 1720 locum

53 1741 151 1777 habet
177 1737 326 1773 dubitare
360 1736 401 1771 de
435 1736 624 1777 euentibus,
676 1736 804 1771 entibus
834 1735 969 1772 aliunde
1000 1736 1098 1772 malis
1128 1747 1185 1772 aut
1217 1737 1332 1778 bonis,
1383 1745 1540 1785 tanquam
1573 1743 1701 1784 praeter
1732 1734 1782 1770 di·

55 1794 215 1842 gnitatem
240 1788 477 1824 euenieutibus.
510 1788 571 1821 -Si
605 1789 696 1823 enim
728 1799 800 1823 non
836 1785 959 1836 seipsos
992 1788 1071 1823 tales
1107 1786 1306 1829 effecerunt,
1359 1800 1467 1836 neque
1499 1790 1612 1836 vtique
1644 1786 1782 1821 retribui

55 1846 200 1891 vtrisque
226 1841 395 1888 oportebit
418 1850 480 1888 pro
508 1840 590 1878 vita,
643 1851 753 1887 neque
778 1836 922 1874 totaliter
951 1836 1127 1875 debebitur
1156 1838 1282 1889 aliquid
1315 1840 1355 1873 iis
1387 1841 1446 1887 qui
1479 1840 1562 1874 non'
1585 1835 1658 1873 sunt
1687 1835 1782 1872 causa

53 1897 139 1931 vitae
164 1905 266 1942 quam
291 1891 422 1926 habent.
473 1891 586 1938 Qare
610 1887 636 1925 st
662 1899 789 1937 praeter
817 1888 1016 1939 dignitatem
1050 1891 1224 1926 retributio
1253 1888 1492 1931 fortunalium,
1544 1887 1606 1937 ipsi
1639 1891 1782 1924 vitarum

53 1948 166 1995 vtique
192 1951 288 1980 erunt
314 1939 427 1986 causa,
476 1953 622 1990 quoium
649 1941 809 1990 dignitate
835 1943 872 1977 in
898 1940 1075 1977 distributis
1108 1942 1150 1978 ab
1180 1940 1333 1979 vniuerso
1368 1939 1472 1976 sortiri
1506 1941 1642 1976 volunt:
1694 1951 1780 1988 quo-

53 2000 146 2036 niam
172 2005 204 2032 et
227 1998 382 2030 omnium
413 2006 530 2030 eorum
557 2005 641 2040 quac
666 1995 753 2028 circa
777 2005 859 2033 nos,
886 2005 957 2028 non
984 1995 1019 2029 iu
1042 1994 1082 2029 iis
1106 2005 1191 2044 quae
1221 2007 1242 2030 a
1272 1994 1356 2029 totis
1387 1992 1565 2033 habemus,
1616 1993 1784 2040 exigimus

54 2049 285 2093 retributiones
310 2046 450 2087 habere,
502 2042 557 2080 sed
583 2047 616 2079 in
641 2044 891 2094 quibuscunque
915 2043 1043 2094 aliquid
1066 2046 1335 2094 cooperabimur.
1386 2045 1421 2078 Si
1454 2055 1535 2091 ergo
1569 2055 1642 2079 non
1669 2041 1714 2077 est
1740 2040 1784 2081 τὸ

54 2104 92 2138 in
115 2099 224 2141 nobis,
276 2096 362 2135 nihil
386 2097 545 2134 habemus
572 2109 592 2132 a
613 2098 722 2133 nobis.
772 2097 808 2133 Si
834 2098 914 2138 hoc,
941 2109 1051 2147 neque
1076 2106 1269 2148 expetemus
1295 2095 1528 2133 retributiones
1554 2105 1783 2182 cornix-quae

1684 2157 1740 2180 iun
1765 2156 1784 2180 e

894 2237 902 2264 3

97 2322 155 2366 qq)
179 2317 384 2354 Theodorum
398 2319 563 2350 Annaeum.

54 2417 122 2452 Vol.
139 2415 196 2449 IX.
919 2403 954 2442 D
979 2400 1001 2439 d
1028 2401 1050 2438 d
