2023 2656
55 147 292 182 v0³.v{11.p.561
648 145 831 183 CYRILLI
857 144 1008 182 OPERA
1035 142 1181 182 EDITA
1370 147 1440 183 [ἐξ.
1454 148 1497 185 V.
1515 148 1674 185 (XXII.
1727 158 1788 193 459

20 275 23 278 .
57 243 230 279 Laurentii
255 240 441 289 IIzmfredi,
496 239 618 291 Angli,
670 241 791 291 quam‚‘
826 253 878 276 ao.
914 241 1002 285 1562.
1029 237 1171 275 dicatam
1205 236 1419 282 Elisabethae,
1467 242 1607 292 Angliae
1641 246 1783 293 reginae,

58 305 90 330 et
123 297 159 330 in
193 292 342 330 editione
376 306 518 342 operum
551 292 672 339 Cyrilli
707 292 808 328 latina
841 291 934 328 Bam.
969 293 1059 338 1566.
1095 289 1155 326 fol.
1182 293 1328 340 primum
1357 291 1498 339 editam,
1552 294 1711 330 Aubertus
1736 309 1785 331 re.

57 348 242 395 cognouit,
270 358 452 394 graecaque
481 345 664 393 publicauit
689 357 730 379 ex
758 342 874 380 codice
900 347 1062 381 Vaticano
1088 352 1140 385 et,
1168 345 1226 393 qui
1252 342 1337 378 duos
1364 347 1493 393 priores
1519 355 1645 381 tantum
1679 349 1784 382 conti-

58 399 171 438 nebat,
200 399 307 447 regio.
359 398 489 432 Citatur
516 410 534 432 a
559 397 714 432 Facundo
738 397 794 434 XI.
821 407 852 439 7.
875 408 936 430 nec
962 408 1033 431 non
1060 408 1077 430 a
1104 397 1248 430 Leontio
1274 396 1353 438 Byz.
1379 406 1495 432 contra
1522 398 1714 442 Eutychen,
1753 408 1784 433 et

58 447 241 497 Ephraimo
259 448 471 484 Antiocheno
492 446 580 497 apud
596 449 752 483 Photium
778 446 1049 484 cod.CCXXIX.
1077 447 1176 482 Fabr.
1208 448 1247 481 In
1273 445 1351 482 bibl.
1377 447 1533 494 Efiorial.
1561 453 1642 493 Cyr.
1670 452 1704 483 iu
1726 451 1783 485 1V.

59 501 237 549 prophetas
264 503 428 540 maiorm,
481 508 512 534 et
544 497 622 546 Cyr,
656 497 868 547 aliorumque
900 495 1251 546 excerpta'expofitio
1285 499 1320 533 in
1353 497 1502 541 Iesaiam‚
1556 499 1633 535 teste
1663 501 1786 543 Plt'iero

60 555 96 586 in
122 553 198 587 ltin.
225 563 284 600 per
311 548 405 598 Hi-sp.
429 563 462 599 p.
490 551 562 592 164.
588 568 638 576 —
691 550 799 585 Oxon.
828 551 862 584 in
880 544 968 585 bibl.
995 546 1119 587 Bodlei,
1145 562 1194 584 nr.
1227 551 1298 594 652.
1331 550 1422 586 catal.
1453 561 1634 586 comment.
1668 554 1703 586 in
1737 554 1784 586 Ie·

59 601 177 638 faiam:
213 621 252 629 --
290 600 380 637 idem
412 603 448 636 in
481 599 558 636 cod.
590 599 730 637 monast.
761 599 965 637 Beneditstin.
999 600 1047 636 bis
1079 601 1281 642 Florentiae,
1322 601 1400 637 teste
1425 603 1609 649 Illontfaut.
1644 605 1678 638 in
1706 601 1787 638 diat.

59 653 128 690 ital.
156 667 189 703 p.
218 655 288 697 363.
316 662 348 688 et
371 655 407 687 in
434 651 512 688 bibl.
539 653 692 688 biblioth.
719 654 830 689 MSSt.
858 655 883 687 Ι.
918 665 992 703 pag.
1020 663 1093 696 414.
1128 653 1171 687 E.
1204 672 1256 679 —
1290 651 1378 689 idem
1411 657 1446 690 in
1477 653 1554 690 cod.
1587 653 1785 691 Vindobon-

59 707 242 742 LXXVIII.
270 707 427 754 opinante
454 705 616 739 Lambecio
642 706 701 739 111.
736 717 769 752 p.
803 715 874 748 435.
906 703 952 754 sq.
985 701 1040 739 sed
1073 703 1200 740 Kollar.
1235 717 1298 754 pro
1330 703 1443 753 spurio
1477 706 1555 742 euin
1586 706 1701 749 habet3
1755 718 1785 740 ν.

59 759 130 794 eius
157 765 227 792 not.
252 775 301 782 —
327 753 417 791 idem
442 765 474 792 et
500 758 536 791 in
558 768 628 804 cap.
657 768 682 791 1.
709 755 921 804 Sophoniae‚
954 757 1065 800 Paris.
1092 759 1128 791 in
1155 754 1233 792 cod.
1257 759 1530 795 DCCCXXXVL
1564 771 1614 793 nr.
1644 769 1667 792 ι.
1698 768 1729 792 et
1753 768 1784 792 2.

58 808 138 844 bibl.
165 806 256 856 publ.
284 827 336 834 —
389 808 513 844 Otadin.
538 806 561 843 l.
587 821 616 843 c.
643 806 710 843 col.
739 818 829 849 1023.
857 810 1032 856 opinatur,
1066 808 1157 843 hune
1181 810 1216 843 in
1243 807 1377 844 Iesaiam
1403 820 1620 845 commentari
1649 806 1713 843 effe
1740 821 1786 843 re-

59 861 214 896 centioris
240 860 402 901 auctoris,
454 861 511 908 qui
536 857 641 908 longe
667 857 742 907 post
767 857 936 904 Cyrillum
962 861 998 896 in
1025 862 1097 896 otio
1125 861 1260 901 vixerit.
1315 871 1347 895 et
1372 860 1536 911 plurimos
1561 871 1636 897 ante
1667 858 1698 895 se
1726 861 1787 894 lur-

58 914 109 947 ius
135 910 212 948 libri
236 911 385 948 habuerit
415 919 705 947 commentatores.
756 910 856 948 Harl.

799 1012 917 1050 Tomo
953 1014 1039 1049 III.

228 1099 286 1135 IV.
338 1100 380 1135 In
402 1099 489 1135 XII.
515 1098 692 1147 prophetat
712 1100 866 1141 minores,
897 1101 1111 1135 tommentarii
1138 1112 1215 1136 cum
1241 1098 1392 1135 versione
1415 1100 1520 1134 Iacobi
1539 1100 1685 1135 Pontani
1706 1101 1737 1136 S.
1761 1103 1788 1136 1.

62 1154 119 1202 quj
143 1151 208 1186 hos
234 1154 361 1200 primus
384 1162 500 1199 graece
526 1159 559 1185 et
583 1150 684 1185 latine
708 1147 855 1185 ediderat
878 1149 1072 1199 ingolstadii
1098 1163 1150 1186 ao.
1182 1153 1272 1196 1605.
1301 1152 1343 1197 [a.
1370 1151 1467 1193 1607.
1495 1163 1545 1198 ap.
1571 1152 1788 1199 Hamberger.

62 1213 94 1238 et
120 1206 156 1238 in
181 1212 242 1238 cat.
270 1201 347 1237 bibl.
375 1199 523 1237 Leidens.
549 1213 583 1249 p.
610 1201 676 1246 37.]
702 1198 763 1236 fol.
784 1201 933 1250 auspiciis
959 1203 1068 1237 Marci
1093 1199 1233 1244 Velseri,
1270 1204 1327 1250 qui
1353 1205 1386 1236 in
1413 1200 1548 1249 epistola
1574 1205 1605 1244 ‘¹)
1639 1201 1679 1237 ad
1705 1207 1736 1239 V
1739 1203 1788 1239 ul-

61 1256 206 1295 canium,
228 1266 280 1288 ao.
307 1254 397 1287 1601.
426 1250 512 1291 data,
564 1253 659 1301 Ego,
685 1264 725 1287 ne
742 1251 871 1299 nefiias,
897 1255 1017 1302 inquit,
1045 1256 1130 1289 inter
1137 1255 1264 1300 primos
1283 1253 1398 1301 cyrilli
1411 1260 1567 1288 cantatores
1583 1266 1693 1289 nomen
1711 1267 1788 1301 pro·

51 1305 173 1354 fiteor:
199 1307 286 1340 cuius
302 1306 349 1340 rei
361 1304 433 1339 hinc
448 1304 654 1339 coniebJuram
679 1305 786 1350 capias
804 1305 891 1346 licet,
918 1305 1004 1353 quod
1015 1307 1112 1340 amico
1127 1306 1250 1340 cuidam
1267 1317 1351 1349 meo,
1378 1306 1497 1340 homini
1508 1318 1621 1353 graece
1638 1313 1669 1341 et
1691 1307 1790 1341 latim

60 1358 202 1404 adprime
214 1356 316 1395 doffo,
332 1354 516 1401 attHorfui‚
530 1358 783 1391 commentarium
797 1358 832 1391 in
845 1357 934 1391 XII.
941 1357 1118 1403 prophetas
1136 1357 1290 1398 vertendi,
1317 1359 1345 1391 is
1357 1369 1430 1391 vero
1448 1362 1551 1391 totum
1568 1356 1702 1404 pensum
1727 1360 1789 1393 iam

61 1408 208 1456 absoluit,
235 1415 266 1444 et
283 1420 367 1443 nunc
379 1408 511 1442 maxime
526 1408 691 1442 editionem
707 1408 856 1443 adornat.
906 1409 1090 1455 Prophetas
1106 1410 1241 1444 minores
1258 1410 1357 1444 decem
1371 1420 1409 1443 ex
1424 1409 1524 1443 Boica
1540 1410 1720 1445 bibliotheca
1735 1410 1788 1444 ha-

63 1462 194 1501 buimus,
225 1460 362 1507 reliquos
379 1459 460 1494 duos
482 1471 522 1493 ex
546 1459 718 1495 Vaticano.
770 1459 935 1495 Aubertus
962 1469 1073 1510 negat,
1099 1458 1160 1496 fibi
1186 1459 1290 1495 alium
1312 1457 1465 1496 codicem
1490 1461 1628 1495 MStum
1662 1470 1790 1509 praeter

61 1514 204 1548 Pontani
224 1509 407 1546 editionem
433 1508 475 1544 ad
501 1523 617 1545 manus
641 1507 756 1552 fuiffe,
808 1510 870 1546 nisi
894 1509 988 1560 quod
1013 1510 1054 1546 ad
1080 1511 1289 1560 Sophoniam
1316 1509 1386 1546 vsus
1419 1510 1465 1546 est
1491 1510 1714 1560 antiquiffimo
1743 1512 1789 1546 bi-

62 1563 245 1599 bliothecae
271 1564 379 1611 regiae
404 1563 503 1599 Paris,
555 1564 685 1600 Citatur
709 1563 748 1597 ab
775 1563 959 1612 Ephraimo
993 1573 1091 1612 atque
1122 1565 1265 1598 Leontio
1301 1563 1382 1608 Byz.
1432 1566 1472 1598 ln
1502 1564 1553 1598 his
1587 1572 1790 1598 commenta-

63 1617 117 1652 riis
143 1611 428 1664 quemadmodum
456 1623 488 1648 et
513 1615 548 1648 in
574 1613 657 1654 illis,
709 1627 795 1664 quos
821 1617 856 1650 in
881 1611 1010 1650 Esaiam
1037 1612 1239 1663 composuit,
1288 1616 1424 1663 propius
1450 1614 1624 1650 litteralem
1648 1613 1789 1655 sensum,

65 1679 164 1716 quam
197 1668 233 1701 in
262 1664 458 1714 Glaphyris‚
509 1664 660 1711 Cyrillus
691 1663 905 1714 persequitur.
957 1667 1057 1702 Fahr.
1122 1666 1245 1703 Oudin.
1278 1665 1302 1705 l.
1337 1679 1366 1701 c.
1395 1662 1462 1701 eol.
1495 1676 1589 1708 1024.
1621 1664 1668 1715 sq.
1702 1667 1792 1702 hunc

63 1730 199 1768 quoque
224 1725 442 1752 commentar.
468 1712 674 1766 suppositum
701 1717 832 1763 Cyrillo
860 1714 1010 1762 foetum,
1064 1727 1096 1753 et
1121 1715 1269 1753 eiusdem
1301 1718 1468 1759 hominis,
1521 1719 1578 1766 qui
1606 1730 1731 1753 comm.
1757 1719 1792 1751 in

65 1767 199 1806 Iesaiam
224 1772 454 1808 contexuerit,
505 1767 678 1809 existimat,
732 1767 880 1817 pluribus
907 1772 1110 1818 argumentis
1137 1771 1253 1805 victus.
1306 1767 1442 1813 Cyrillo
1474 1781 1553 1803 vero
1579 1769 1732 1804 tribuitur
1757 1771 1792 1802 in

65 1818 165 1857 codd.
191 1821 314 1855 Bauar.
341 1821 429 1854 XVI.
453 1828 485 1854 et
511 1822 615 1855 XVH.
643 1833 675 1858 v.
702 1829 762 1858 cat,
790 1817 891 1855 codd.
916 1834 966 1870 gr.
991 1823 1068 1857 Bau.
1095 1834 1128 1870 p.
1154 1832 1181 1866 5.
1216 1840 1269 1853 -ι
1300 1823 1336 1856 iu
1370 1820 1473 1855 tribus*
1506 1818 1604 1856 codd.
1638 1819 1793 1867 Escorial,

66 1871 142 1910 teste
164 1872 285 1908 Pliiero
308 1869 328 1908 l.
356 1884 383 1905 c.
411 1883 485 1919 pag.
515 1872 585 1914 164.
612 1889 662 1898 —-·
713 1872 858 1908 Florem.
890 1874 937 1907 in'
960 1871 1037 1908 cod.
1066 1875 1219 1909 Laurent.
1253 1874 1420 1908 XXXVII.
1454 1884 1504 1907 nr.
1541 1883 1588 1907 12.
1624 1870 1705 1919 plut,
1739 1873 1794 1915 69.

64 1925 138 1960 loca
164 1936 205 1958 ex
231 1923 304 1957 ΧΠ.
330 1924 454 1957 minor.
478 1924 631 1971 prophet.
659 1931 691 1958 et
721 1923 881 1971 propheta
912 1925 972 1959 les.
1008 1937 1085 1960 cum
1117 1923 1239 1971 Cyrilli
1274 1933 1307 1960 et
1339 1924 1486 1960 aliorum
1517 1922 1792 1972 expolitionibus,

65 1974 173 2012 indice
200 1974 345 2009 Bandin.
371 1975 408 2010 in
429 1984 489 2009 cat.
517 1971 618 2009 codd.
643 1975 797 2012 Laurent.
820 1987 871 2024 gr.
898 1976 941 2010 11.
969 1975 1037 2012 col.
1063 1977 1138 2020 652.
1189 1975 1288 2012 Harl.

820 2095 938 2129 Tomo
978 2092 1052 2131 IV.

234 2173 274 2206 V.
328 2171 368 2204 Ῑῑι
398 2172 590 2218 ewangelium
620 2173 652 2205 S.
680 2171 847 2212 Iohannis,
877 2172 949 2205 libri
973 2172 1059 2206 XII.
1083 2182 1159 2206 cum
1185 2182 1274 2205 noua
1295 2169 1445 2207 versione
1471 2172 1519 2205 Io.
1553 2169 1702 2207 Aulam-ti.
1755 2170 1795 2204 In

72 2224 178 2259 latinis
199 2219 397 2257 editionibus
423 2225 490 2258 hoc
513 2235 596 2272 opus
624 2222 724 2258 exstat
750 2237 790 2258 ex
817 2225 1086 2272 interpretatione
1114 2222 1269 2270 Gregorii
1301 2223 1534 2270 Trapezuntii,
1586 2235 1668 2271 quae
1694 2218 1795 2271 prod-

963 2275 1093 2309 Mmm
1126 2284 1146 2307 2
1712 2275 1795 2307 ierat

115 2376 152 2416 q)
173 2372 288 2404 Vclscri
312 2382 404 2415 opera
428 2384 455 2414 p.
481 2379 540 2410 832.
