2023 2656
763 142 970 181 SCRIPTA·
1356 143 1428 182 Lib.
1441 143 1486 183 V.
1495 155 1521 181 e.
1533 141 1682 181 XXIX.
1731 149 1787 185 181

57 236 217 283 discuffit3
244 241 280 276 in
296 235 367 287 ea'p.
380 239 422 282 1²3.
452 231 543 276 suam
556 234 749 276 sententiam
764 238 860 276 latius
873 237 1048 288 explicuit.
1075 237 1109 274 in
1124 235 1195 274 aliis
1210 230 1303 287 capp.
1322 237 1363 274 de
1379 233 1501 288 scriptis
1515 236 1696 286 Symeonis‘
1714 239 1783 287 egit

57 301 90 326 et
103 295 139 327 in‘
154 304 181 328 c.
196 293 334 328 XVL'et
345 290 464 327 vltimo
485 291 621 328 Fabricii
634 290 736 328 nostri
754 290 795 327 de
817 291 983 327 Simeonis
1004 291 1147 338 metaph.
1175 288 1290 337 locum
1312 305 1349 326 ac
1373 290 1564 327 sententiam
1588 292 1718 339 repetiit
1745 297 1780 325 et

55 341 262 384 diiudicauit‚
288 339 474 392 falsumque
489 341 553 379 esse
570 342 689 383 edixit,
714 344 905 378 Simeonem
922 343 1080 391 metaphr.
1098 343 1257 386 martyria
1274 351 1306 377 et
1322 344 1402 377 vitas
1417 344 1572 379 Selorum
1586 339 1667 377 iussu
1680 351 1780 390 atque

53 391 196 442 auspiciis
212 393 422 430 Constantini
447 396 729 444 Porphyrogeniti
750 390 978 443 conscripsisse.
1035 394 1122 428 Eum
1147 396 1250 442 igitur
1270 393 1381 440 adeat,
1414 397 1470 442 qui
1494 394 1589 442 plura
1611 391 1653 428 de
1676 401 1778 428 aetate

53 446 223 481 Simeonis
235 454 266 492 et
282 443 506 482 controuersia
519 448 606 481 inter
621 448 709 481 viros
726 443 844 481 dotstos
861 447 978 495 agitata
991 441 1070 480 scire
1083 447 1206 492 cupiat.
1256 444 1384 481 Oudini
1399 445 1577 480 rationibus
1599 441 1780 492 subscripsit

51 498 264 546 Hambcrger.
289 496 312 533 l.
325 510 354 533 c.
371 496 636 545 adfirmauitque,
658 500 762 532 vnum
779 494 1012 531 tantummodo
1029 496 1221 531 Simeonem
1230 495 1475 545 Metaphr‘asscn
1492 499 1575 532 circa
1593 509 1621 530 a.
1631 498 1670 532 C.
1688 505 1777 538 1140.

51 550 126 586 xr'on
140 546 208 595 duo
222 545 335 587 fuiffe,
362 560 506 596 quorum
521 546 603 582 alter
620 545 759 583 saecsx.
781 546 865 582 alter
878 544 1049 582 saeexn.
1072 545 1219 589 vixissem
1253 560 1362 596 neque
1377 547 1477 584 vllaln
1497 549 1565 582 eius
1594 546 1665 582 fieri
1685 559 1778 581 men-

50 602 273 637 tionemante
287 597 442 634 medium
450 596 530 634 saec.
546 599 642 641 X11.;
669 596 725 634 sed
741 599 857 633 Saxius
871 596 893 632 l.
909 612 938 634 c.
967 621 990 639 ‚a
999 599 1056 647 qui
1071 597 1155 640 (scil.
1172 599 1406 647 Hamberger.)
1441 602 1503 641 ait,
1530 597 1555 634 si
1573 600 1711 648 Pagium
1732 596 1778 632 le-

49 649 164 702 gisset,
207 652 399 686 Simeonem
424 657 510 685 certe
533 647 685 684 nostrum
705 647 747 684 ad
772 646 887 684 saeculi
909 649 986 685 XII.
1013 660 1136 684 annum
1155 649 1441 700 quadragesimum
1475 663 1547 686 non
1578 646 1778 686 reieciffet.“

49 701 175 742 Psellus
191 704 226 737 in
239 699 428 737 laudatione
443 700 605 734 Simeonis
618 701 786 749 Metaphr.
802 700 944 740 huncab
959 703 1115 750 ingenio,
1140 699 1382 751 philosophiae,
1409 703 1616 751 eloquentiae
1630 699 1779 736 aliarum·

49 759 118 805 'que
129 755 312 791 litterarum
327 749 433 787 studio
448 752 610 800 copiaque
625 753 710 787 mire
724 749 871 787 laudauit
886 761 918 786 et
932 751 1179 788 commendauit
1192 755 1244 799 θ’).
1295 756 1451 789 Summos
1466 752 1601 802 quidem
1625 749 1778 799 reipubli-

48 813 108 843 ‘cae
123 806 272 842 honores
282 803 334 840 'est
349 801 579 852 consequutus
632 803 781 844 „Faetus
794 805 883 838 enim
899 801 962 843 est,
990 812 1024 838 vt
1040 805 1083 839 ait
1097 806 1200 845 caue,
1223 818 1242 840 a
1256 807 1370 841 Leone
1383 807 1498 855 imper,
1514 814 1613 854 proto
1623 826 1635 834 -
1645 802 1778 839 secreta·

49 860 136 900 rius,
160 857 330 906 patricius,
357 858 518 904 maginus.
544 862 580 888 vt
592 852 740 896 videtur,
767 856 974 904 Logotlieta,
1000 854 1052 890 seu
1070 853 1235 895 summus,
1263 858 1307 891 vti
1323 855 1409 905 apud
1433 869 1495 892 nos
1515 867 1670 896 vocatur,
1705 867 1779 890 can·

49 908 282 953 cellarius-'73
309 916 396 942 certe
411 907 602 956 L'ogotheta
617 903 747 947 dromi,
775 905 920 956 denique
941 906 1096 954 magister
1115 906 1246 956 palatii,
1281 907 1372 958 quod
1392 906 1528 958 quidem
1548 919 1671 943 munus
1694 908 1778 942 inter

48 957 192 998 summas
215 957 306 994 aulae
326 957 454 997 CPolit.
484 955 659 1007 dignitates
681 959 842 999 eminuit,
879 960 1078 993 renuntiatus
1105 957 1194 993 est.'·‘
1220 978 1271 986 —
1304 963 1405 995 Anno
1424 972 1503 1006 904.
1526 973 1603 995 cum
1622 959 1775 993 Himerio

47 1010 134 1049 duce
149 1011 274 1060 legatus
289 1007 331 1045 ad
345 1009 521 1045 Saracenos
533 1004 703 1044 Cretenses
719 1006 850 1050 missus,
877 1011 1028 1044 Leonem
1041 1011 1261 1058 Tripolitam,
1287 1012 1526 1047 Saracenorum
1541 1009 1677 1051 ducem,
1706 1009 1777 1043 vrbi

47 1059 336 1102 Thdsalonieenfi
348 1058 518 1096 excidium
537 1060 695 1101 minanti,
721 1058 855 1108 sapienti
871 1057 1040 1110 sagacique
1055 1061 1197 1098 confilio
1220 1061 1408 1105 emolliuit‚
1442 1075 1540 1112 atque
1559 1076 1579 1097 a
1603 1058 1775 1109 proposito
1820 1094 1825 1097 .

46 1112 204 1157 abduxit}
227 1116 316 1149 anno
332 1123 413 1148 vero
432 1115 500 1157 9'13.
521 1113 600 1146 vitas
618 1111 815 1147 Sanctorum
839 1108 974 1147 scribere
994 1115 1123 1161 coepit,
1154 1122 1204 1153 et,
1239 1117 1314 1163 quia
1338 1113 1456 1150 multas
1477 1116 1517 1150 ab
1540 1111 1777 1161 antiquioribus

46 1166 181 1217 scriptas
194 1158 424 1215 *perimente-2,
450 1163 483 1200 h.
500 1174 528 1200 e.
550 1160 663 1208 paullo
676 1161 742 1196 alio
761 1162 902 1198 cultiore
915 1172 969 1196 aut
983 1175 1077 1198 nouo
1092 1164 1203 1199 habitu
1220 1164 1346 1204 induit,
1378 1164 1453 1202 inde
1474 1163 1710 1210 Metaphrastes
1731 1161 1778 1197 est

46 1216 266 1265 nuncupatus.
319 1211 426 1254 Conf.
438 1212 622 1259 Montfauc.
648 1210 814 1261 Palaeogr.
830 1225 881 1262 gr.
897 1225 932 1263 Ρ.
947 1215 1025 1258 269.
1041 1225 1113 1258 273.
1127 1225 1199 1261 275.
1237 1213 1391 1253 Dissentit
1411 1226 1521 1252 tamen
1538 1215 1661 1252 Oudin.
1683 1227 1777 1263 capp.

50 1279 95 1308 u.
112 1277 145 1306 et
159 1280 205 1305 12.
234 1280 269 1318 p.
287 1276 373 1312 1354.
385 1263 457 1316 sqq.
509 1263 722 1314 Scriptaaeeius
738 1260 814 1300 sunt'

214 1382 241 1408 1.
271 1369 370 1409 Wtac
382 1367 591 1412 Sunfforum,
615 1367 726 1405 multis
742 1376 852 1406 tamen
870 1365 988 1406 fabulis
1001 1369 1155 1420 repletae.
1202 1372 1373 1422 Qaenam
1391 1373 1554 1422 genuinae
1563 1369 1645 1415 sint3
1679 1381 1776 1419 quae-

47 1435 129 1465 nam
143 1420 283 1474 spuriae,
303 1421 444 1459 Allatius
462 1431 560 1472 atque
575 1424 705 1458 Caueus
721 1419 861 1458 studiose
874 1420 1124 1472 inquifiuerunt.
1150 1437 1180 1462 v.
1194 1426 1291 1459 etiam
1306 1423 1400 1474 supra
1412 1452 1422 1468 ,
1445 1424 1508 1461 vol.
1520 1426 1612 1460 VIII.
1628 1436 1660 1472 p.
1675 1433 1728 1466 29.
1745 1428 1777 1457 et

48 1476 172 1516 Oudin.
195 1475 218 1512 l.
232 1489 261 1511 c.
282 1487 315 1524 p.
331 1485 419 1518 1334.
433 1471 506 1523 sqq.
540 1487 578 1509 ac
597 1475 646 1512 Io.
669 1475 799 1509 Fabric.
819 1475 856 1510 in
876 1473 1023 1510 Historia
1045 1474 1119 1511 bibl.
1143 1476 1265 1513 Fabric.
1282 1478 1309 1512 I.
1333 1489 1366 1524 p.
1387 1489 1447 1520 115.
1475 1496 1525 1503 —
1578 1477 1672 1521 Qae
1695 1475 1777 1508 vitae
1846 1509 1850 1512 ,

46 1527 106 1565 sub
123 1530 191 1563 eius
208 1528 346 1563 nomine
363 1525 579 1563 Vindobonae‘
594 1527 629 1560 in
643 1523 742 1560 codd.
755 1524 846 1560 msst.
861 1524 939 1562 bibl.
955 1523 1117 1562 caesareae
1131 1525 1247 1574 paffim
1262 1525 1506 1569 custodiantur,
1532 1540 1583 1562 eas
1600 1538 1667 1562 vno
1687 1521 1778 1575 quasi

49 1580 170 1617 obtutu
185 1576 307 1614 videbis
323 1575 479 1614 indicatas
493 1578 529 1612 in
541 1574 671 1624 Neffilii
688 1584 750 1612 cat.
771 1573 871 1612 codd.
888 1574 1003 1613 caesar.
1028 1579 1062 1612 in
1086 1578 1194 1614 indice
1213 1591 1246 1627 p.
1262 1590 1336 1623 109.
1356 1577 1403 1628 sq.
1455 1581 1505 1616 Ex
1527 1579 1701 1615 Lambecio
1723 1589 1778 1611 au-

45 1641 116 1668 tem
131 1629 283 1667 codices,
303 1630 337 1664 in
353 1628 470 1678 quibus
486 1626 630 1678 singulae
647 1628 730 1663 vitae
746 1625 889 1673 exstent,
912 1629 980 1664 iam
994 1629 1155 1673 Eabricius
1172 1631 1207 1665 in
1224 1629 1367 1679 sequenti
1385 1631 1540 1679 catalogo
1559 1631 1676 1679 vbique
1690 1625 1776 1664 indi·

45 1678 141 1721 cauit.
195 1678 385 1716 Praesertim
401 1681 435 1715 in
450 1681 607 1716 Lambecii
628 1690 751 1715 comm.
774 1678 843 1715 vol.
860 1682 953 1717 V111.
972 1677 1068 1716 codd.
1084 1681 1140 1719 XI.
1166 1681 1256 1717 XIV.
1281 1684 1352 1718 XV.
1375 1683 1464 1718 XVI.
1500 1684 1554 1729 (in
1578 1694 1646 1732 quo
1670 1681 1776 1716 conti·

44 1743 167 1772 nentur
179 1733 300 1781 Magni
313 1730 506 1780 Menologii
530 1731 735 1766 Graecorum
749 1728 849 1769 mens.
866 1732 952 1780 Sept.
968 1741 1000 1766 et
1012 1731 1173 1775 octobr.)
1200 1733 1308 1768 XVII.
1324 1743 1356 1769 et
1377 1734 1501 1770 XVIII.
1531 1734 1546 1779 (
1556 1729 1662 1771 inens.
1673 1729 1776 1776 061.)

43 1787 133 1825 xlx.
154 1781 280 1828 (mens-
292 1782 402 1827 Nou.)
424 1783 496 1819 XX.
517 1783 606 1818 XXI.
629 1782 750 1818 XXVI.
776 1783 928 1820 XXVIII.
949 1784 1084 1818 XXXII.
1106 1784 1289 1820 XXXVIII.
1311 1794 1342 1820 et
1364 1787 1431 1821 XL.
1453 1783 1576 1820 multae
1597 1784 1774 1830 Symeonis

8 1868 12 1870 .
43 1837 214 1886 Metaphr.
234 1837 335 1873 vitae,
355 1833 524 1883 multaque
537 1833 647 1869 Sc‘Ior.
665 1835 823 1876 martyria
839 1833 973 1869 exstant.
1000 1852 1050 1861 -
1103 1835 1394 1883 Apophthegmata
1410 1846 1442 1872 et
1463 1838 1532 1872 adia
1548 1837 1701 1871 sanctor.
1722 1847 1778 1881 pa·

46 1899 156 1930 trum,
181 1884 258 1921 ibid.
277 1883 348 1920 vol.
363 1885 457 1921 VIII.
483 1881 582 1921 codd.
599 1885 686 1920 XLI.
702 1884 805 1921 XLII.
818 1893 851 1920 et
864 1885 987 1922 XLIII.
1012 1898 1045 1934 p.
1060 1890 1132 1929 838.
1148 1883 1215 1935 sqq.
1253 1905 1299 1913 ·—
1359 1889 1468 1926 Oxou.
1491 1889 1525 1923 in
1547 1886 1624 1923 bibl.
1648 1883 1775 1923 Bodlei.

44 1943 82 1978 in
96 1937 171 1976 cod.
187 1940 321 1974 Baroec.
337 1937 574 1972 CXL11.'vitae
590 1936 743 1972 Sanstor.
765 1949 784 1971 a
808 1933 840 1972 d.
856 1948 900 1982 15.
914 1939 996 1973 Dec.
1016 1935 1056 1972 ad
1073 1948 1117 1980 31.
1133 1939 1201 1973 Ian.
1222 1951 1281 1985 per
1293 1941 1379 1987 Sym.
1395 1938 1610 1986 Metaphrast.
1637 1957 1689 1965 -—
1724 1949 1776 1972 nr.

46 2003 121 2040 734.
135 2001 205 2035 735.
221 1990 294 2034 736.
320 1984 388 2023 Iiue
408 1987 494 2024 Guil.
509 1984 613 2022 Laudi
628 1984 725 2022 codd.
737 1988 841 2024 XCII.
868 1989 950 2024 Sim.
965 1989 1132 2037 Metaphr.
1149 1990 1231 2033 vitae
1245 1990 1354 2026 Scstor.
1375 2004 1421 2025 m.
1437 1991 1528 2039 Sept.
1543 1992 1618 2027 Οέὶ.
1632 1990 1725 2026 Νου.
1741 1997 1774 2024 et

43 2048 128 2093 part.
142 2043 223 2079 Dec.
252 2059 302 2066 —
328 2039 449 2076 XCIII.
473 2051 519 2079 m.
535 2039 615 2076 Dec.
630 2048 664 2074 et
676 2035 752 2075 cod.
768 2039 889 2076 XCIV.
908 2050 953 2076 m.
969 2040 1153 2089 Septembr.
1183 2042 1251 2086 (nr.
1263 2043 1427 2085 734-736.
1452 2041 1544 2079 catal.
1568 2052 1650 2077 tom.
1665 2040 1708 2084 Ι.)
1723 2058 1775 2066 --

46 2094 157 2134 oxon.
170 2095 206 2131 in
221 2088 298 2128 eod.
313 2091 460 2142 CXLIX.
474 2089 597 2142 colleg.
611 2092 715 2135 noui,
739 2088 764 2128 s.
776 2104 829 2131 nr.
849 2101 928 2136 1113.
945 2101 1005 2129 cat.
1023 2090 1122 2131 codd.
1137 2092 1281 2142 Angliae
1296 2103 1357 2129 ete.
1382 2092 1558 2140 martyrol.
1574 2106 1619 2130 m.
1635 2091 1774 2129 ottobr.

538 2155 543 2160 '
1004 2145 1032 2182 Z
1057 2154 1076 2188 3
1733 2144 1776 2179 In

48 2255 53 2260 -
85 2239 146 2283 qq)
165 2241 316 2282 Compara
330 2244 431 2270 tamen
447 2237 559 2271 Oudin.
579 2237 600 2271 Ι.
617 2249 643 2273 c.
658 2248 689 2281 p.
706 2242 782 2277 1365.
800 2236 844 2281 sq.
929 2238 1028 2275 citur,
1051 2245 1084 2269 vt
1102 2236 1157 2269 illo
1179 2248 1303 2269 munere
1325 2236 1442 2269 ἧιιιᾶιιι
1465 2243 1618 2280 tamqnam
1637 2237 1773 2268 vicarius

927 2281 1119 2322 patriarchae
1142 2292 1198 2323 pro
1219 2283 1322 2312 rostris
1351 2282 1439 2312 sacris
1467 2281 1561 2312 verba
1586 2279 1720 2316 faceret,
1742 2286 1773 2311 et

89 2325 146 2366 rr)
167 2324 240 2357 Aliis
256 2332 374 2362 tamen,
397 2326 440 2355 vti
456 2322 584 2356 oudino
607 2334 676 2366 pag.
693 2333 775 2363 ¹349·
790 2323 832 2366 sq.
854 2330 885 2354 et
926 2323 1017 2354 festos
1041 2325 1177 2354 seton-mn
1204 2324 1268 2355 dies
1292 2324 1484 2355 describeret.
1510 2322 1578 2354 add.
1601 2326 1647 2354 Du
1662 2326 1772 2355 Fresne

45 2368 256 2407 Rambergero
273 2367 602 2405 ecclefiastic.'dignitau
618 2363 708 2399 CPol.
731 2365 818 2397 fnisse
836 2368 883 2397 vi·
925 2366 968 2398 du
980 2369 1081 2407 Cauge
1091 2368 1125 2399 in
1134 2366 1263 2401 Gloffar.
1277 2366 1459 2401 mammis.
1470 2377 1572 2409 graec.
1585 2378 1617 2412 p.
1628 2373 1696 2410 821..
1708 2366 1771 2412 sqq.

44 2410 153 2452 detur,
175 2410 214 2442 ad
227 2420 317 2455 quam
333 2409 473 2443 etiamid
486 2410 621 2444 officium
639 2409 822 2455 pertis-misse
836 2409 885 2455 di·
