2023 2656
14 139 66 166 Vo¹
90 138 167 166 Vffl-
198 132 283 172 pag-76
363 139 558 174 OPERVM
584 138 770 174 IORNNIS
797 138 997 174 DAMASC.
1023 137 1276 174 EDITIONES
1325 138 1494 176 Lib.V.t·.
1504 140 1628 176 XXV.
1683 143 1750 186 689

13 235 90 269 bros
109 231 223 274 sacros,
245 233 340 282 supra
360 236 393 269 in
409 233 475 269 vol.
499 235 589 268 VIII.
607 246 639 283 p.
659 234 733 278 679.
750 235 827 274 etc.)
855 235 892 268 In
907 232 974 268 vol.
991 235 1031 269 V.
1046 245 1117 280 pag.
1137 243 1207 278 245.
1224 230 1268 283 sq.
1296 235 1329 268 in
1346 231 1422 268 cod.
1443 237 1619 271 CCXLVI.
1636 250 1685 272 nr.
1698 241 1742 271 12·

13 288 125 331 (cuius
140 285 226 321 lectt.
249 286 413 321 interdum
431 285 611 334 discrepant
638 288 677 320 ab
703 287 754 321 ed.
779 289 874 321 Paris.
899 288 986 331 1619.
1010 287 1050 320 F.
1078 300 1108 334 p.
1125 297 1193 330 931.
1215 285 1298 335 sqq)
1325 298 1357 322 et
1371 287 1436 323 vol.
1452 291 1526 323 vll.
1554 303 1586 337 p.
1605 302 1674 334 227.
1697 287 1742 341 l'q.

12 339 47 373 in
62 337 136 371 cod.
152 339 269 373 LXIV.
293 351 341 372 nr.
365 349 393 380 3.
422 340 530 372 ormo
548 336 588 372 de
603 339 848 386 incorruptibili
872 350 1014 386 corpore
1036 338 1176 380 christi,
1211 337 1303 386 quod
1327 341 1360 373 in
1383 337 1468 374 sacra
1489 339 1602 383 synaxi
1628 346 1745 391 accipi·

11 401 95 424 muS.
125 407 169 414 —-
201 390 433 425 Ithislatsiae
452 391 482 423 in
508 390 581 423 bibl.
604 389 806 438 Rehdinger.
830 401 909 436 opp.
933 402 963 422 v.
988 390 1104 436 Κνιῑηζ,
1126 390 1275 428 Memor,
1298 389 1386 425 illius
1419 390 1493 426 bibl.
1517 405 1592 440 pag.
1617 400 1668 436 83,
1693 413 1743 421 —·

11 441 166 487 stlosquae
184 443 218 474 in
238 440 315 475 bibl.
341 439 457 485 synod.
480 443 510 473 in
529 440 602 474 cod.
619 441 713 475 ΧΗΙ.
739 441 758 476 l.
775 443 870 474 variis
885 437 1008 487 scriptis
1033 450 1147 474 contra
1170 442 1324 483 Latium,
1352 439 1505 491 fragmin-
1528 444 1562 478 jn
1579 443 1683 492 specie
1708 448 1741 480 in

12 502 92 526 orat.
119 489 163 528 εἰς
179 489 237 533 τὴν
252 487 422 538 Sabe-aipein
445 489 582 536 ταφήν·
611 505 640 526 ν.
661 493 822 526 Minime}
842 494 938 525 notit.
953 490 1052 526 codd.
1074 505 1123 540 gr.
1142 493 1256 540 Mosq.
1280 506 1311 540 p.
1334 504 1380 527 21.
1405 503 1436 528 et
1461 505 1510 528 22.
1539 513 1589 520 —
1623 498 1741 531 Excer-

9 554 64 592 pta
85 542 157 578 sunt
175 555 230 578 aut
251 541 405 591 fragium.
419 547 462 577 ·in
489 545 584 577 variis
610 541 710 577 codd.
735 545 892 579 lui-iretis.
911 542 954 578 sic
971 546 1002 577 in
1020 545 1095 577 cod.
1113 545 1182 579 XX.
1200 557 1248 578 nr.
1269 550 1298 583 8.
1317 553 1346 579 et
1361 558 1392 590 9.
1416 545 1499 593 plut.
1525 559 1572 590 71.
1600 549 1636 582 de
1679 561 1740 597 gu-

10 607 49 629 ra
64 601 168 630 terim
183 604 214 629 et
231 602 325 640 caput
338 594 528 629 dialefflcum
551 596 588 629 a'e
611 596 786 629 nominibus
809 605 870 630 etc.
898 607 928 629 v.
942 595 1084 633 Bama'iii,
1100 606 1160 630 cat.
1184 594 1283 633 codd.
1306 598 1400 631 Laur.
1426 597 1488 631 ΙΙΙ.
1517 611 1591 646 pag,
1617 611 1662 643 14.
1689 619 1739 626 -—

11 644 104 681 conf.
118 646 234 694 paullo
250 645 323 694 post
339 645 378 680 ad
397 660 446 680 nr.
462 657 487 679 1.
518 665 565 670 —
593 648 721 680 Citatur
734 644 886 681 Damasc.
911 660 929 680 a
943 648 992 681 10.
1010 645 1235 682 Cantacuzeno
1256 657 1373 682 contra
1389 647 1572 692 Paiauiann
1598 653 1632 685 in
1659 663 1736 699 ope-

9 709 46 732 re
61 700 223 743 anonymi
239 695 391 736 aduersus
408 695 564 731 eumdem
581 709 612 732 et
630 701 660 731 in
679 697 826 732 thesauro
844 696 1054 732 orthodoxae
1070 697 1160 733 fidei.
1189 695 1280 733 conf.
1296 699 1441 734 Bandin.
1457 711 1518 736 cat.
1539 704 1593 735 cit.
1617 702 1642 735 I.
1665 715 1743 751 pag.

11 759 81 792 254.
99 756 166 793 358.
183 759 213 782 et
230 759 302 790 433.
331 767 377 773 -—
415 749 456 783 In
480 758 563 797 quot
587 747 684 783 codd.
713 749 870 796 Eseorial.
896 749 1000 784 multa
1023 753 1178 797 variaque
1202 748 1395 785 Damasceni
1420 764 1499 800 opp.
1524 756 1740 801 reperiantur,

10 798 162 841 ducimus
186 812 226 834 ex
247 801 363 834 Pit-‘ieri
378 801 522 835 itinerar.
546 813 604 847 per
626 799 763 847 Hispan.
784 814 815 849 p.
831 812 896 845 175.
923 799 969 849 sq.
999 820 1044 827 —-
1079 804 1132 838 De
1152 800 1350 850 quibusdam
1373 801 1472 838 codd.
1499 803 1646 839 Damasc.
1669 817 1738 840 me-

9 852 184 887 morabilia
208 850 368 899 quaedam
390 849 560 886 adnotauit
582 851 765 898 Monffauc.
799 855 831 886 in
855 853 1021 899 Palaeogr.
1043 866 1092 901 gr.
1115 865 1146 900 p.
1171 858 1217 898 58,
1238 854 1286 896 65.
1312 851 1357 902 sq.
1383 864 1455 897 303.
1477 852 1521 903 sq.
1553 866 1584 890 et
1606 868 1640 904 p.
1661 868 1740 900 404.

9 906 45 938 in
60 901 243 952 diplomate
261 901 409 951 quodam
425 915 546 950 graeco
564 906 757 937 nominatur
778 904 971 950 Dimascmi
994 905 1152 951 dialogus.
1191 923 1235 929 -
1272 905 1322 937 Eu
1345 906 1467 940 nubem
1492 905 1609 941 codd.!
1642 919 1674 943 et
1697 907 1739 944 ta·

11 965 90 998 men
104 952 257 1003 deinceps
277 957 446 990 variorum
470 965 549 1002 opp.
574 953 673 989 codd.
694 953 783 990 haud
807 965 928 1002 paucos
943 954 1053 991 adhue
1071 955 1134 991 suis
1153 955 1237 991 locis
1256 956 1482 994 excitabimus.
1534 958 1656 1005 Ham]

751 1079 892 1114 Graecae
917 1077 986 1113 edd.

181 1162 280 1198 Liber
296 1160 338 1196 de
350 1159 417 1196 fide
433 1159 644 1202 orthodoxa,
670 1175 746 1196 cum
772 1172 856 1198 orat.
880 1160 921 1196 de
946 1164 1003 1206 iis,
1036 1165 1094 1210 qui
1119 1165 1153 1197 in
1176 1160 1243 1197 fide
1268 1161 1442 1204 obierunt,
1481 1166 1609 1212 prodiit
1625 1181 1742 1216 graece

11 1210 158 1261 auspiciis
174 1214 226 1248 Io.
244 1214 403 1248 Matthaei
419 1214 556 1250 Giberti..
572 1210 773 1247 Veronensis
789 1212 955 1260 episcopi,
983 1226 1060 1247 cum
1077 1211 1212 1260 praefat.
1237 1215 1367 1249 Donati
1391 1216 1582 1268 Wronmsts
1602 1219 1642 1255 ad
1665 1222 1742 1259 Cle.

10 1274 156 1301 mentem
171 1265 261 1306 v11.‚
285 1263 490 1311 pontificem.
543 1266 696 1298 Vero-nae
709 1263 798 1312 apud
812 1265 1016 1312 Stephanum
1031 1274 1062 1299 et
1083 1262 1197 1300 fratres
1213 1265 1328 1300 Sabios
1345 1277 1421 1310 ¹53¹·
1440 1269 1474 1300 in
1489 1279 1520 1310 4.
1546 1273 1634 1318 typis
1651 1272 1745 1308 lucu.

9 1315 116 1353 lentis,
166 1317 264 1350 Fabr.
317 1313 510 1350 Rariffimae
531 1316 627 1349 huius
649 1314 738 1351 edit.-·
752 1328 851 1364 quam
873 1317 998 1356 habeo,
1033 1314 1204 1362 inscriptio
1229 1315 1290 1351 est:
1327 1313 1463 1357 Ἰωσίννε
1484 1320 1532 1359 τέ
1554 1329 1745 1371 Δαμαηη.

10 1367 49 1408 'ff
72 1363 198 1406 ἔκδυσις
223 1367 285 1410 τῆς
307 1361 468 1416 ὅςθοὸἑξε
487 1367 623 1406 πίςεως.
677 1367 730 1405 Ti?
745 1364 856 1413 αὐτ-ἕ,
887 1368 964 1414 περὶ
984 1367 1049 1404 τῶν
1064 1369 1094 1404 ἔν
1108 1368 1200 1407 πίςεα
1215 1370 1468 1416 κεκοιμημένων.
1518 1372 1651 1409 Ioannis
1666 1378 1741 1412 Da-

9 1419 145 1467 masten}
158 1420 252 1454 editio
274 1420 467 1453 orthodoxae
481 1418 574 1465 fidei.
596 1420 749 1454 Eiusdem
771 1420 808 1454 de
830 1421 887 1458 iis,
914 1421 969 1467 qui
992 1421 1025 1453 in
1037 1419 1110 1465 fide
1129 1421 1336 1456 dormierunt.
1364 1425 1526 1459 Veronae.
1545 1426 1742 1466 MDXXXI,

10 1483 42 1515 4.
69 1469 324 1508 Dedicationem
336 1470 471 1505 latinam
487 1467 632 1518 sequitur
649 1468 808 1518 praefatio
824 1471 954 1506 Donati
969 1471 1171 1520 Veronensis,
1184 1485 1300 1520 graece
1324 1470 1461 1520 scripta,
1490 1477 1524 1510 in
1545 1489 1609 1525 qua
1631 1477 1744 1515 laudat

9 1532 42 1558 et
55 1521 294 1559 Damascenum
314 1522 687 1557 etIoann.Mattl1aemn
702 1523 891 1563 Gibertum,
917 1519 1111 1569 episcopum
1136 1525 1321 1558 Veronens.
1340 1527 1430 1560 cuius
1453 1525 1536 1562 iussu
1559 1538 1590 1563 et
1614 1532 1743 1577 impen-

10 1573 70 1616 fis,
96 1572 146 1615 se,
173 1570 312 1615 fatetur,
340 1572 466 1608 collatis
487 1572 746 1620 exemplaribus,
773 1584 858 1620 opus
881 1571 1080 1619 descripsiffe
1094 1582 1125 1608 et
1140 1587 1158 1608 a
1177 1574 1306 1609 mendis
1321 1585 1498 1624 purgatum
1517 1576 1639 1615 dediffe
1654 1581 1743 1618 chal.

10 1628 185 1674 eugraphis
202 1628 288 1672 typis
303 1623 566 1673 exprimendum.
618 1623 705 1658 Add.
727 1625 787 1659 cel.
805 1626 949 1660 Panzer.
971 1627 1012 1659 A.
1036 1625 1084 1659 Τ.
1105 1625 1173 1660 vol.
1196 1625 1294 1661 VIII.
1320 1637 1351 1674 p.
1369 1629 1442 1671 562.
1468 1649 1519 1657 ——
1543 1628 1650 1668 Iidem
1664 1633 1739 1671 libri

11 1689 146 1728 graece,
173 1689 213 1711 ex
238 1678 314 1712 edit.
337 1679 451 1711 loamz.
469 1676 628 1725 Ephefini.
657 1676 697 1710 ln
721 1674 896 1713 Moldauia
922 1686 1003 1720 ¹7¹5·
1026 1686 1059 1718 4.
1113 1677 1210 1712 Harl.

175 1755 251 1788 Vita
274 1763 305 1788 et
328 1752 400 1788 libri
425 1752 489 1786 111.
511 1750 552 1787 de
572 1753 791 1800 imaginibus,
826 1754 930 1788 Rom.
963 1762 1044 1796 1553.
1073 1758 1104 1792 8-
1154 1753 1256 1788 Fabr.
1308 1754 1347 1788 In
1371 1756 1543 1792 Maittaire
1564 1759 1601 1795 Α.
1626 1759 1672 1795 Τ.
1695 1762 1743 1796 in-

13 1803 74 1841 dic.
90 1815 164 1852 pag.
182 1815 257 1847 324.
284 1807 363 1839 haec
380 1803 423 1839 cst
441 1802 631 1850 inscriptio:
658 1806 705 1838 Ia.
729 1804 923 1850 Danmfteni
944 1806 1111 1838 orationes
1134 1815 1214 1848 (τες,
1250 1816 1281 1841 et
1313 1807 1470 1841 Theodori
1493 1808 1534 1844 de
1558 1813 1744 1860 imaginum

13 1856 123 1897 cultu,
150 1868 181 1890 et
201 1858 249 1891 lo.
265 1855 458 1902 Damasccizi
473 1857 536 1889 vita
553 1869 569 1889 a
588 1857 635 1890 Io.
651 1857 830 1903 patriarcha
846 1853 1101 1899 Hierosolymit.
1121 1854 1234 1904 scripta
1249 1870 1298 1905 gr.
1321 1857 1457 1899 (edente
1480 1860 1614 1898 Nicolao
1638 1864 1744 1899 Maioss

14 1909 121 1954 rano..)
147 1909 280 1943 Rom-ae
298 1920 349 1956 ap.
367 1908 477 1954 steph.
495 1906 643 1942 Nicolin.
659 1907 802 1942 Sabiens.
826 1905 994 1955 chalcogr.
1008 1904 1180 1955 apostolic.
1198 1918 1278 1953 1553.
1304 1914 1336 1948 8.
1387 1911 1485 1945 Harl.

803 2025 951 2061 Latinae.

175 2109 460 2161 Qandoquidcm
476 2109 582 2147 versio
597 2110 669 2147 libri
693 2109 734 2147 de
750 2109 831 2147 Fide
855 2108 1044 2146 orthodoxa
1061 2124 1079 2145 a
1096 2112 1349 2161 Exci-gaudiosae,
1382 2116 1454 2149 ciue
1475 2113 1609 2155 P⁷sano‚
1641 2115 1743 2155 Fede-

18 2160 482 2263 ἷΐέεὲιῖῃῗξῃὲἓῐῃίιῑιῖεἷεέὶο,
508 2162 588 2199 saec.
604 2166 678 2200 xil.
694 2162 877 2212 compofita
904 2174 936 2198 et
952 2163 1112 2198 'rhomae
1129 2167 1283 2214 Aquinati
1307 2163 1437 2214 pridem
1463 2165 1547 2202 ledia
1569 2181 1593 2204 n
1618 2184 1640 2206 n
1663 2169 1745 2206 vidit

177 2290 363 2327 ldemliber
373 2303 412 2326 ex
429 2292 531 2326 lambi
547 2293 657 2335 Fabri,
673 2290 884 2340 Stapulenfi8‚
906 2293 1176 2338 interpretatione
1191 2293 1285 2327 Paris.
1299 2303 1345 2330 ις(
1356 2303 1387 2335 7.
1406 2294 1442 2330 in
1459 2305 1489 2335 4.
1518 2298 1660 2342 primum
1678 2296 1748 2334 edi.

20 2353 67 2381 tu·
85 2343 129 2379 est
143 2357 182 2379 ex
199 2341 331 2379 officina
345 2344 390 2379 H.
413 2344 582 2392 Stephani,
601 2347 665 2380 aui.
718 2347 760 2381 Et
781 2357 856 2379 cum
879 2345 1125 2378 commentariis
1148 2346 1255 2379 lodoci
1279 2344 1450 2381 Cli'clnouet'
1473 2344 1516 2381 ad
1539 2349 1599 2383 Iac.
1625 2351 1747 2385 Ain-ba·

13 2390 15 2450 J
60 2402 129 2435 Vei.
144 2401 214 2435 IX..
1025 2395 1046 2429 S
1059 2405 1094 2428 ⁸³
1105 2406 1118 2428 ⁵
1646 2400 1742 2442 stum.
