2023 2656
62 149 228 184 vot.1x.p.
246 148 374 196 πῆξε
617 149 818 187 SCRIPTA
844 150 1003 187 EDITA.
1311 150 1385 186 Lib.
1397 149 1439 188 V.
1453 161 1478 185 c.
1487 146 1670 186 XXXIV.
1724 148 1796 191 647.

59 248 177 283 Venet.
195 256 281 291 1551.
305 253 338 279 et
352 244 443 289 1567.
458 240 521 280 fol.
547 245 647 280 Fabr.
674 257 705 280 v.
722 242 835 294 supra,
862 242 931 285 vol.
951 246 1011 281 111.
1032 251 1143 294 p.231.
1170 244 1395 292 Montfaueon.
1412 242 1641 282 bibl.Coislin.
1658 256 1690 292 p.
1710 251 1784 285 224.

56 297 169 346 Pffl'ff'
190 301 225 332 in
241 294 318 331 cod.
337 296 415 332 bibl.
436 295 528 345 publ.
544 297 816 333 MDCCCXCII.
846 298 944 333 Harl.

224 384 256 418 6.
284 383 327 417 In
349 382 445 417 libros
465 389 531 417 tres
549 382 585 417 de
607 385 731 423 anima,
759 384 1009 421 commentarii,
1038 382 1092 416 vbi
1107 381 1180 418 libri
1194 380 1312 431 finguli
1329 384 1364 417 in
1383 379 1583 431 τμήματα,
1608 391 1779 417 commen-

55 437 130 471 tatii
147 433 209 484 ipsi
231 437 266 469 in
284 433 434 482 ,θεωρίας
457 431 524 481 Π-υε
546 431 684 469 fufiores
706 432 962 483 disputationes,
988 443 1020 469 et
1045 431 1192 484 προέξεις
1214 432 1281 468 ssue
1294 434 1454 469 temones
1474 434 1572 479 verba
1584 427 1778 482 philosophi

54 486 149 522 breui
164 485 384 534 explicatione
400 484 595 521 illustrantes
610 499 627 520 a
644 484 835 534 Philopono
856 484 952 521 diuisi
970 483 1124 527 fuerunt,
1150 484 1204 521 sed
1223 483 1441 521 diffinitionis
1456 485 1552 520 huius
1566 487 1620 519 vix
1636 485 1672 518 in
1689 481 1777 516 libro

55 540 153 574 tertio
168 537 275 586 aliqua
290 534 458 585 supersunt
471 535 613 584 vestigia.
667 536 794 572 Prodiit
814 538 881 572 hoc
897 549 982 585 opus
998 538 1156 572 eximium
1177 548 1294 586 graece
1319 550 1396 572 cum
1410 538 1553 573 vietoris
1567 531 1778 571 Trincauelli

54 586 194 638 epistola
207 586 249 622 ad
261 587 438 623 Nicolaum
446 588 668 637 Rodulphum
676 586 889 634 cardinalem,
915 591 1031 624 Vener.
1048 591 1083 624 in
1105 586 1242 623 aedibus
1254 586 1400 624 Barthol.
1419 587 1543 624 Zanetti
1561 597 1643 631 1553.
1661 582 1722 620 fol.
1741 585 1778 627 ⁰)

53 643 187 677 Latinae
202 638 366 675 versiones
381 653 399 674 a
415 638 548 674 Labbeo
570 638 744 674 laudantur
768 639 869 681 duae,
896 653 959 675 vna
977 641 1131 675 Gentium·
1154 640 1308 682 Herum,
1333 637 1438 686 Lugd.
1458 650 1546 684 1544.
1568 642 1652 683 1558.
1667 638 1776 671 etVe·

53 693 148 728 netiis
165 701 249 736 1554.
271 692 365 736 1568.
384 687 445 726 fol.
471 690 571 726 altera
589 692 751 727 Matthaei
762 705 782 726 a
797 692 887 726 Boua
904 689 1122 731 Veronenfis,
1148 691 1232 726 Ven.
1248 701 1335 736 1544.
1358 697 1439 735 1581.
1455 688 1517 726 fol.
1544 691 1646 725 Fabr.
1691 684 1777 723 Vide

51 740 166 792 supra,
193 741 261 781 vol.
280 743 342 777 111.
366 755 441 791 pag.
458 744 529 785 236.
556 752 589 778 et
613 742 654 778 cl.
668 743 797 778 Morelli
812 740 963 780 biblioth.
980 743 1053 780 MS.
1071 755 1179 792 graec.
1195 750 1227 777 et
1242 741 1297 778 lat.
1315 743 1414 791 Lpag.
1430 753 1497 785 130.
1512 751 1544 777 et
1564 751 1628 784 133.
1654 758 1705 766 —
1736 739 1777 772 In

51 791 129 830 cod.
146 794 236 830 Guil.
253 794 361 829 Laudi
385 796 468 829 LXI.
488 792 556 829 ssue
575 808 625 830 nr.
643 805 710 838 713·
726 794 817 829 catal.
836 795 934 829 MSS.
957 794 1098 842 Angliae
1111 803 1171 829 etc.
1196 795 1222 828 I.
1240 805 1264 829 1.
1289 812 1341 821 —
1373 792 1452 833 ibid,
1470 795 1512 828 11.
1526 804 1575 829 nr.
1593 792 1687 835 1096.
1702 786 1723 825 s.
1741 790 1778 825 in

51 844 126 882 eod.
142 849 201 882 VI.
221 845 300 881 eccl.
322 843 576 891 Wssmonaster.
598 855 629 881 et
652 848 686 880 in
710 846 811 881 tribus
826 843 926 881 codd.
945 847 1021 884 bibl.
1038 844 1128 894 publ.
1141 846 1251 881 Paris.
1267 846 1412 880 Florem.
1432 848 1467 880 in
1482 843 1557 881 cod.
1578 845 1730 879 Laurent.
1748 841 1776 875 I.

51 911 103 933 nr.
122 908 251 942 19—22.
275 895 356 944 plut.
376 903 425 940 85.
448 897 621 942 Philoponi
644 909 769 932 comm.
790 899 824 932 in
840 906 902 933 tres
916 897 1018 933 libros
1033 896 1074 932 de
1088 899 1217 943 anima3
1248 899 1282 932 in
1296 896 1398 932 libros
1414 898 1471 932 IV.
1493 894 1624 931 Arissot.
1644 895 1775 930 Meteo-

51 947 305 997 rologicomm3
341 950 379 990 iu
388 949 535 996 primum
551 946 901 997 Meteorologicorum
916 949 1053 984 Aristot.
1071 948 1145 984 libri
1161 958 1247 992 tres3
1274 957 1305 983 et
1318 950 1354 983 in
1371 945 1439 983 duo
1456 947 1559 983 libros
1576 945 1617 981 de
1642 941 1776 994 genera-

50 1003 145 1036 tione
158 1009 190 1035 et
206 1002 350 1035 interitu.
367 1012 398 1033 v.
415 1000 558 1035 Bana'in.
577 1009 636 1035 cat.
652 997 751 1034 codd.
768 1013 817 1048 gr.
830 1002 927 1036 Laur.
946 1001 1006 1035 III.
1021 1013 1055 1049 p.
1072 1010 1144 1043 243.
1158 998 1203 1048 sq.
1233 1018 1280 1026 -
1308 1001 1348 1035 In
1364 997 1464 1035 codd.
1482 997 1639 1045 Escorial.
1654 999 1689 1031 in
1702 994 1775 1045 plu-

50 1064 100 1088 res
110 1050 246 1087 Aristot.
263 1051 366 1086 libros
381 1059 562 1086 comment.
579 1050 768 1100 Philoponi.
783 1065 815 1087 v.
825 1053 940 1089 Pliier.
952 1053 1059 1088 itiner.
1076 1063 1135 1100 per
1144 1048 1280 1100 Hispan.
1299 1062 1373 1100 pag.
1388 1052 1458 1093 176.
1478 1048 1523 1099 sq.
1548 1048 1647 1085 Harl.

219 1135 276 1182 [if]
304 1148 335 1179 7.
362 1138 404 1171 In
425 1135 522 1171 libros
543 1137 622 1172 duos
642 1137 679 1172 de
696 1139 902 1186 generatione
925 1144 955 1173 et
977 1139 1129 1179 interitu,
1158 1149 1273 1182 graece
1295 1148 1372 1171 cum
1397 1131 1602 1184 praefatione
1615 1128 1776 1169 francisci

49 1184 183 1224 Asulani
201 1187 240 1222 ad
260 1189 324 1223 Iac.
345 1185 539 1223 Sadoletum
555 1186 748 1237 episcopum
771 1178 1315 1237 Carpentora&ensem‚‘venetiis
1343 1190 1377 1223 in
1401 1187 1533 1222 aedibus
1559 1184 1634 1221 Aldi
1656 1194 1688 1219 et
1710 1184 1775 1219 Λιι-

50 1239 146 1275 dreae
162 1237 293 1275 Asulani
314 1237 435 1281 soceri,
463 1251 555 1285 1527.
581 1237 642 1275 fol.
660 1243 706 1286 ¹⁰)
732 1250 807 1275 ante
826 1239 1050 1276 Alexandrum
1072 1239 1307 1286 Aphrodg'seum
1332 1241 1375 1280 ⁵)
1401 1241 1434 1273 in
1456 1237 1725 1284 Meteorologiea
1744 1242 1776 1270 et

49 1289 92 1327 de
106 1288 286 1327 mixtione.
338 1293 380 1326 Et
398 1290 498 1326 latine
518 1293 696 1340 interprete
719 1293 916 1339 Hieronymo
937 1293 1100 1340 Bagolino
1120 1295 1237 1327 Vener.
1259 1301 1350 1335 1540.
1375 1301 1460 1334 1543.
1487 1294 1572 1333 1548.
1599 1293 1688 1336 1559.
1711 1282 1774 1321 fol.

49 1343 149 1379 Fabr.
175 1340 280 1380 conf.
296 1339 409 1390 supra,
437 1342 504 1381 vol.
523 1343 581 1378 III.
598 1355 629 1390 p.
646 1349 720 1382 228.
739 1355 803 1385 231.
819 1341 878 1378 cel.
894 1344 1024 1378 Morell.
1040 1343 1200 1378 bithS.
1217 1355 1266 1391 gr.
1285 1351 1317 1376 et
1333 1340 1388 1376 lat.
1405 1343 1429 1376 1.
1445 1353 1476 1388 p.
1494 1351 1555 1383 133.
1584 1358 1632 1387 3-
1663 1339 1775 1375 Mont-

40 1394 133 1441 faut.
150 1396 184 1429 in
205 1392 283 1428 bibl.
301 1393 441 1431 Coislin.
466 1406 539 1442 pag.
555 1405 631 1437 224.
653 1413 703 1421 —
730 1395 840 1432 Paris.
857 1396 893 1429 in
908 1393 985 1429 cod.
1011 1395 1217 1430 MXMXVI.
1234 1392 1308 1428 bibl.
1329 1392 1420 1440 publ.
1446 1411 1487 1417 —
1521 1392 1631 1427 Oxon.
1648 1392 1682 1424 in
1700 1386 1774 1424 cod.

48 1446 280 1482 CCXXXVII.
298 1443 376 1480 coll.
392 1447 491 1485 noui,
520 1458 596 1480 cum
612 1445 797 1494 Philoponi
814 1449 1031 1484 commentar.
1046 1448 1080 1481 iu
1093 1444 1196 1481 libros
1210 1442 1516 1492 meteorologicos,
1541 1440 1610 1477 fiue
1625 1453 1676 1480 nr.
1687 1451 1776 1475 1201.

47 1508 108 1534 cat.
124 1497 223 1532 MSS.
245 1496 386 1545 Angliae
401 1505 460 1531 etc.
476 1508 502 1530 1.
521 1507 551 1531 2.
575 1497 673 1532 Harl.

213 1587 245 1622 8.
271 1583 314 1616 In
339 1581 435 1617 libros
454 1583 592 1629 quinque
614 1583 651 1618 de
672 1584 877 1632 generatione
899 1582 1084 1617 animalium
1103 1580 1226 1618 scholia
1245 1579 1431 1630 Philoponi
1455 1583 1520 1623 (an
1534 1581 1575 1622 Υ)
1610 1576 1776 1614 Michai'lis

47 1633 225 1684 prqfiiffl
254 1631 449 1682 prodierunt
463 1645 579 1681 graece
597 1647 673 1669 cum
687 1635 814 1670 Nicolai
835 1635 932 1669 Petri
947 1635 1130 1680 Corcyraei
1153 1632 1288 1682 epistola
1310 1645 1428 1682 graeca
1444 1629 1486 1667 ad
1503 1630 1671 1667 Andream
1685 1630 1775 1665 Mat-

46 1687 178 1721 thaeum
194 1692 221 1723 Λ
248 1687 420 1729 uauiuam,
441 1683 564 1721 ducem
583 1683 796 1727 Adriensem‚
849 1688 994 1721 Venetiis
1010 1698 1070 1733 per
1094 1688 1257 1720 loannem
1275 1686 1463 1720 Antonium
1485 1691 1517 1718 et
1535 1680 1650 1718 fratres
1664 1679 1705 1715 de
1719 1681 1774 1714 Sa·

47 1738 103 1772 bio
122 1739 208 1782 1526.
240 1735 284 1771 ol.
338 1738 453 1772 Latina
477 1736 622 1771 eiusdem
640 1736 770 1772 Nicolai
788 1739 872 1772 Petri
896 1739 1142 1785 interpretatio,
1170 1735 1284 1772 addito
1305 1735 1412 1771 latino
1429 1743 1519 1770 textu
1533 1731 1716 1770 Aristotelis
1733 1743 1775 1766 ex

45 1787 226 1824 Theodori
242 1789 350 1824 Gazae
375 1786 543 1830 verfioue,
571 1786 647 1823 ibid.
661 1801 749 1823 anno
774 1786 916 1834 eodem,
944 1787 1054 1824 mense
1076 1789 1232 1830 octobri,
1265 1799 1326 1837 per
1347 1787 1510 1822 Ioannem
1531 1786 1721 1822 Antonium
1742 1790 1776 1817 et

46 1840 250 1889 Stephanum
270 1853 307 1874 ac
321 1837 434 1875 fratres
452 1837 492 1875 de
505 1840 620 1879 Sabio,
650 1837 710 1876 fol.
727 1839 841 1876 litteris
859 1841 1022 1877 Gothicis.
1729 1878 1767 1919 I,

1672 1896 1704 1929 9.
1751 1895 1773 1918 n

87 1987 121 2022 v)
146 1987 218 2016 Non
233 1995 260 2015 a.
273 1991 342 2021 1553.
359 1983 406 2014 sed
424 1994 450 2014 a.
468 1991 535 2021 1535.
554 1983 698 2026 prodiisse
714 1983 798 2014 illam
815 1984 887 2015 edit.
931 1985 997 2015 rios
1020 1982 1148 2020 tribuit,
1178 1992 1199 2014 a
1213 1983 1328 2024 Sergio
1349 1979 1431 2022 Stifh
1452 1984 1653 2021 praeceptore
1663 1976 1725 2019 suo
1738 1976 1770 2007 in

45 2027 187 2057 discimus
204 2038 238 2057 ex
262 2027 349 2057 catal.
367 2027 439 2057 bibl.
459 2027 564 2059 Pinell.
582 2030 603 2056 I.
629 2038 696 2068 pag.
713 2033 781 2058 226.
804 2036 833 2058 et
853 2038 888 2058 ex
930 2025 1093 2068 Mesappia
1108 2028 1149 2057 iis
1162 2025 1198 2067 se
1216 2026 1361 2057 donatum
1376 2023 1526 2066 scribens.
1571 2023 1687 2055 Verum
1713 2029 1770 2061 ego

44 2071 188 2102 Panzeri
207 2074 240 2101 A.
258 2071 300 2101 T.
327 2068 389 2101 vol.
406 2072 491 2100 VIII.
513 2082 540 2111 p.
559 2076 619 2106 548.
643 2081 686 2100 ur.
702 2077 776 2106 1832.
799 2079 888 2112 atque
930 2071 969 2102 ab
990 2070 1109 2101 erudito
1127 2070 1259 2111 quodam
1279 2070 1348 2100 viro
1364 2070 1395 2098 in
1409 2068 1506 2098 Italia
1521 2065 1631 2106 accepi,
1654 2073 1704 2094 eos
1720 2072 1769 2094 ne-

44 2124 79 2144 ex
96 2113 182 2144 catal.
199 2113 272 2143 bibl.
291 2113 413 2144 Bunau.
439 2121 511 2143 tom.
527 2115 548 2143 1.
576 2124 603 2154 p.
624 2123 681 2149 ¹23·
706 2113 798 2143 Harl.
929 2123 1083 2156 quaquam
1107 2113 1271 2153 Pln'lopom'
1294 2110 1363 2154 ‘’ff'’
1384 2109 1445 2152 sed
1466 2109 1623 2140 Michaelis
1640 2107 1767 2149 Ephesii,

87 2157 134 2195 w)
158 2156 314 2197 Exemplar
330 2167 396 2186 cum
414 2157 494 2186 noris
514 2158 610 2185 msstis
633 2156 707 2186 saec.
725 2159 804 2186 XVI.
827 2155 886 2187 fuit
920 2157 949 2199 fi
968 2157 1038 2188 benc
1061 2157 1200 2192 memini,
1232 2157 1313 2197 quod
1340 2156 1432 2185 etiam
1461 2152 1523 2194 ipse
1543 2151 1641 2192 facile
1668 2150 1768 2183 credo.

43 2202 76 2230 in
99 2198 172 2242 bibl.
190 2198 293 2229 Pinell.
315 2210 342 2230 v.
368 2206 425 2229 cat.
448 2198 529 2229 illius
548 2203 572 2229 1.
599 2210 628 2240 p.
650 2207 713 2236 225.
738 2210 782 2230 nr.
802 2209 886 2238 ¹277·
930 2201 1013 2232 Nam
1026 2205 1055 2230 et
1069 2201 1162 2230 multo
1178 2199 1332 2230 breuiores
1347 2196 1380 2228 hi
1400 2195 1610 2228 commentarii
1621 2192 1716 2236 fiant,
1739 2196 1769 2222 et

42 2243 136 2274 Harl·
889 2279 893 2283 ¹
925 2242 1197 2284 paraphrasticam
1210 2242 1391 2273 breuitatem
1406 2239 1567 2271 Michaelis
1580 2246 1656 2279 prae
1672 2235 1706 2278 se
1716 2233 1766 2276 ft-

86 2289 132 2322 x)
157 2287 201 2315 De
226 2285 285 2314 hoc
308 2283 420 2314 (lictum
444 2285 484 2314 est
505 2284 556 2315 lib.
577 2287 629 2315 IV.
653 2295 717 2325 cap.
737 2292 779 2320 25·
805 2284 886 2322 [fine
928 2292 1019 2321 runt,
1041 2291 1070 2317 et
1085 2296 1144 2316 non
1160 2284 1383 2327 infi'ribuntur,
1413 2287 1447 2314 vt
1462 2283 1572 2323 reliqui
1586 2284 1766 2312 commenta-

42 2338 106 2370 cap.
123 2334 165 2361 28.
192 2329 222 2356 1¹¹
237 2326 297 2357 vol·
313 2330 349 2356 V·
375 2333 477 2367 P·650·
494 2327 552 2368 sqq.
573 2339 600 2356 ¹¹-
616 2327 688 2356 edit·
713 2327 820 2366 Harl]
925 2330 969 2360 rii
985 2328 1166 2368 Plziloponi,
1183 2339 1222 2359 ex
1231 2327 1361 2370 synustis
1374 2327 1533 2358 Ammonii
1548 2325 1699 2356 Her-meae
1708 2332 1765 2351 etr:-

83 2374 122 2411 y)
146 2369 301 2401 Com-adiu
318 2370 465 2399 Gesner-ns
490 2381 519 2410 p.
536 2380 605 2407 424.
624 2369 696 2399 bibl.
733 2370 883 2401 Nicotaus
924 2373 973 2411 [v.
991 2373 1076 2414 snpra
1092 2371 1128 2401 ad
1145 2372 1265 2405 voI,III.
1281 2382 1309 2413 p.
1321 2381 1379 2408 231.
1394 2377 1548 2401 not-00⁰0.
1565 2376 1595 2399 et
1610 2377 1678 2411 pag.
1691 2376 1761 2403 244.

41 2415 156 2447 Petrus
180 2412 368 2452 Corcyram
391 2413 561 2453 Pltilopono
591 2412 882 2454 hoscelcommenta-
924 2418 1035 2448 XVIII.
1057 2415 1175 2455 Harl.]
