2023 2656
208 142 274 184 462
326 137 621 177 LibfficXXlI.
805 137 987 177 CYRILLI
1018 137 1213 177 SCRIPTA
1244 139 1391 177 EDITA
1609 137 1941 187 VLl-Vffl'mdsssrm

215 231 470 284 ἀγωνιζόμενον.
500 235 548 280 [ν.
571 228 677 274 infra,
711 232 781 269 vol.
804 235 859 269 IX.
885 246 917 281 p.
943 244 1015 277 417.
1040 231 1091 271 ed,
1112 235 1196 280 vet.]
1246 236 1425 283 >Optimum
1440 237 1595 271 omnium
1609 236 1729 282 Cyrilli
1745 234 1943 283 scriptorum

214 286 281 324 effe
295 291 340 323 ait
357 286 555 333 Nicephoras
570 287 659 321 XIV.
681 295 728 327 14.
750 284 835 320 Hist.
863 284 1085 320 Obiedtiones
1103 286 1288 330 Anonymi,
1317 286 1576 335 quiAraufione
1591 302 1618 323 a.
1638 289 1725 333 1645.
1751 285 1943 322 dissertatio-

215 351 294 376 nem
311 336 353 373 de
368 336 535 387 supposito
551 334 675 377 edidit,
702 333 962 384 refellitpraeter
976 338 1145 371 Petauium
1166 337 1368 385 Raynandns
1390 350 1422 386 p.
1452 349 1518 382 134.
1547 348 1765 374 erotematum
1791 337 1832 373 de
1851 338 1945 373 bonis

217 400 253 426 et
267 390 360 426 malis
372 390 472 426 libris,
523 391 563 424 Iu
580 389 677 424 MSS.
699 385 866 422 codicibus
880 399 951 422 non
965 385 1093 436 semper
1116 385 1207 422 idem
1230 386 1329 430 ordo,
1347 402 1409 424 nec
1423 389 1538 424 eadem
1554 388 1737 433 distinctio3
1764 388 1851 425 vnde
1877 387 1945 425 for·

219 441 302 478 taffis
319 455 359 477 eo
378 443 516 476 nomine
531 441 774 488 Trapezumius
790 438 899 487 aliqua
917 452 958 474 ex
973 449 1064 487 parte
1080 436 1290 474 excusandus.
1342 442 1379 475 In
1398 440 1472 486 bibl.
1489 442 1725 489 Seguieriania‚
1745 440 1811 476 slue
1825 441 1946 479 Coisli-

221 498 331 535 niam.
350 492 428 529 teste
445 491 678 537 Mont'faucocw
695 504 725 539 p.
743 501 816 533 302.
834 493 867 525 in
886 489 970 526 duos
988 490 1088 526 libros
1108 489 1279 534 diuiditur,
1306 504 1451 540 quorum
1464 495 1588 539 primus
1606 495 1723 542 viginti
1744 495 1871 540 priores
1893 488 1946 530 λα’-

222 561 289 594 ςγες
307 548 474 586 continet,
504 540 664 580 secundus
679 541 875 590 posteriores
893 555 910 576 a
925 541 1082 577 vicefimo
1100 555 1200 591 vsque
1213 540 1254 577 ad
1267 541 1565 592 quadragesimum.
1620 547 1712 593 Qae
1733 556 1836 592 porro
1864 543 1944 579 Tho-

222 611 289 634 mas
306 595 456 644 Aqninas
474 594 512 642 ¹³)
542 605 581 628 ex
599 592 689 629 libris
704 592 931 629 thesaurorum
947 593 1066 639 Cyrilli
1081 591 1210 643 profert
1228 596 1268 628 ad
1283 593 1443 629 summam
1466 597 1498 629 in
1523 594 1657 631 ecclesia
1680 594 1876 643 ¹potestatem
1897 607 1948 630 ro-

223 660 325 686 mano
347 647 497 696 pontifici
513 643 742 687 adserendam,
771 653 801 680 et
825 642 868 680 ad
888 658 971 694 quae
995 654 1180 693 prouocant
1202 645 1400 685 Gennadius,
1425 645 1492 681 fine
1509 649 1674 696 Georgius
1690 646 1877 682 scholarius
1892 645 1949 681 lib.

224 700 266 737 de
283 701 424 748 primatu
449 710 535 734 rom.
560 696 746 744 ponfificis,
773 696 927 732 Andreas
952 695 1132 748 Coloffenfis
1152 705 1182 731 et
1203 698 1350 745 Synodns
1372 697 1560 733 Florentina
1584 697 1651 734 sess.
1672 709 1699 742 5.
1717 709 1748 741 7,
1765 707 1796 733 et
1818 704 1850 737 8.
1877 697 1948 734 Λιι-

219 751 371 801 gnstinus
385 749 611 786 Anconitanus
627 748 714 784 libro
735 746 777 783 de
802 746 865 796 [If]
892 747 1049 797 potestate
1063 747 1238 790 ecclesiae,
1265 750 1312 784 Io.
1329 749 1366 783 cle
1385 750 1624 786 Turrecremata
1639 753 1673 784 in
1686 747 1812 785 summa
1837 747 1878 783 de
1899 761 1950 785 ec—

223 802 320 841 clesra
335 810 369 836 et
383 805 417 837 in
432 799 586 849 adparatu
604 796 700 848 super
713 797 846 835 decreto
865 802 994 836 vnionis
1006 802 1159 836 Graecor.
1176 803 1211 835 iu
1226 800 1374 835 concilio
1387 800 1596 843 Florentino,
1623 814 1659 836 ea
1673 800 1841 845 cyrillum
1856 813 1950 835 num-

225 867 325 905 quam
340 850 494 901 seripssffe
509 848 629 886 fatetur
650 851 868 886 Elleniontins
881 861 964 888 tom.
981 854 1069 888 XIV.
1092 865 1125 900 p.
1140 853 1210 895 671.
1232 861 1264 886 et
1280 853 1375 887 Elias
1391 853 1433 887 dn
1446 854 1514 889 Pin
1536 863 1620 888 tom.
1637 854 1693 888 IV.
1713 865 1746 901 p.
1758 862 1815 895 44.
1826 849 1894 900 sqq.
1919 859 1950 884 et

226 904 358 950 Cyrillo
379 901 541 952 supposita
558 899 620 937 effe
640 902 760 950 probat
776 903 932 938 Iohannes
945 904 1112 938 Lannoins
1126 911 1216 950 parte
1239 905 1264 937 1.
1285 902 1423 951 epistola
1446 916 1471 939 1.
1494 913 1525 940 et
1548 915 1577 939 2.
1604 902 1646 939 ad
1666 905 1852 939 Antonium
1871 904 1951 938 Fau-

227 971 322 998 rum,
348 964 380 990 et
393 963 484 1004 parte
500 956 541 989 V.
562 951 699 1001 epistola
714 964 746 997 9.
767 952 810 989 ad
824 953 999 989 Thomam
1012 956 1203 995 Fortinum,
1226 967 1290 1002 qua
1304 957 1432 1003 priores
1446 954 1596 1003 epistolas
1615 953 1686 990 suas
1700 951 1850 990 aduersus
1868 955 1951 990 Vin-

227 1011 375 1046 centium
390 1009 565 1047 Batonem,
581 1003 647 1040 fiue
664 1005 855 1046 flamniam,
880 1014 1009 1044 tuetur,
1034 1018 1104 1054 cap.
1128 1016 1176 1045 ιο,
1203 1003 1332 1042 Confer
1353 1005 1494 1041 Antonii
1506 1006 1630 1053 Reiseri
1649 1004 1749 1042 nostri
1765 1007 1954 1040 Launoium

226 1055 465 1100 confessorem
480 1069 553 1106 pag,
566 1067 615 1100 41.
631 1053 693 1105 seq.
716 1065 749 1090 et
766 1055 932 1093 Andream
946 1059 1098 1093 Rinetum
1113 1055 1170 1092 lib.
1186 1059 1243 1092 IV.
1269 1060 1386 1096 Oritici
1402 1056 1480 1093 sacri
1503 1072 1531 1094 c.
1554 1070 1604 1102 19.
1635 1059 1683 1093 Io.
1702 1057 1896 1093 Rainoldum
1918 1057 1952 1090 in

226 1111 402 1160 colloquio
420 1121 496 1143 cum
513 1110 561 1144 Io..
578 1106 722 1150 Hardto.
736 1106 873 1150 Iesuita.
899 1121 968 1157 cap,
983 1119 1012 1154 5.
1029 1121 1062 1156 p.
1077 1118 1141 1153 315.
1158 1105 1221 1156 seq.
1274 1110 1374 1147 Fabr.
1425 1107 1513 1147 Add.
1538 1109 1660 1147 Ozidiii,
1682 1107 1703 1143 l.
1723 1121 1752 1144 c.
1772 1106 1836 1143 col.
1857 1113 1951 1147 1028.

229 1163 300 1214 sqq.
327 1164 384 1211 qui
405 1158 525 1196 iudicia
538 1158 710 1201 Vulcanii,
740 1158 966 1201 ssellarminii‚
1000 1162 1113 1196 Riueti
1136 1170 1168 1195 et
1189 1157 1239 1194 El.
1266 1158 1309 1195 du
1334 1163 1410 1201 Pin,
1444 1163 1479 1195 in
1504 1170 1674 1209 vti-amque
1695 1167 1821 1208 partem
1844 1158 1953 1195 multis

231 1216 338 1251 verbis
355 1213 438 1253 lata,
465 1213 603 1259 repetiit.
629 1229 678 1237 —
730 1210 842 1246 Exstat
857 1223 936 1246 vero
954 1210 1070 1259 Cyrilli
1081 1210 1249 1257 tnffimrns
1261 1213 1426 1247 Monachii
1447 1214 1483 1246 in
1499 1210 1577 1246 cod.
1593 1215 1633 1249 C.
1657 1211 1735 1248 bibl.
1756 1208 1854 1253 elen.
1877 1211 1956 1255 (cat-

232 1264 332 1304 codd.
349 1276 397 1312 gr.
413 1276 446 1311 p.
462 1265 528 1305 38.)
554 1281 605 1290 —
658 1261 804 1298 Venetiis
826 1264 862 1296 iu
884 1260 961 1297 bibl.
981 1263 1090 1298 Marci
1115 1259 1191 1297 cod.
1206 1263 1340 1299 CXXII.
1365 1272 1396 1297 et
1411 1265 1637 1303 CCCCXCII.
1655 1275 1687 1297 v.
1702 1270 1761 1298 cat.
1782 1260 1881 1297 codd.
1903 1273 1955 1309 gr.

233 1320 340 1356 Marc.
362 1329 394 1364 p.
410 1326 464 1358 70.
481 1321 510 1347 et
525 1314 599 1347 260.
627 1331 674 1340 —-
700 1311 780 1348 ibid.
793 1315 828 1349 in
846 1311 922 1348 cod.
935 1315 1146 1349 LXXXVIII.
1173 1314 1334 1349 Naniano.
1365 1326 1394 1348 v.
1417 1324 1476 1350 cat.
1497 1313 1597 1350 codd.
1611 1327 1662 1362 gr.
1675 1315 1762 1349 Nan.
1778 1325 1808 1361 p.
1824 1323 1892 1357 175.
1908 1311 1954 1361 sq.

233 1388 284 1400 ...-
309 1367 417 1414 Fesnli
432 1368 465 1400 iu
480 1364 645 1400 coenobio
662 1367 854 1400 canonicor.
870 1363 1082 1405 Thesaurus,
1116 1366 1292 1412 interprete
1319 1366 1442 1413 Georg.
1472 1367 1611 1411 Trapez.
1633 1364 1710 1399 teste
1731 1363 1956 1407 Montfaucon.

233 1425 269 1457 in
285 1418 389 1455 diario
400 1415 470 1452 ital.
490 1428 521 1464 p.
536 1427 611 1461 392.
638 1433 688 1443 -
713 1414 829 1450 eadem
844 1413 950 1451 vei-fio
964 1417 1149 1452 Florentiae
1162 1416 1197 1449 in
1213 1415 1352 1452 monast.
1366 1418 1620 1452 Dominicanor.
1633 1417 1666 1450 S.
1683 1417 1803 1452 Marci.
1830 1417 1864 1449 in
1879 1413 1958 1449 bibl.

235 1469 374 1510 monast.
390 1470 422 1504 S.
436 1470 563 1505 Crucis,
577 1478 622 1514 fv.
640 1466 778 1502 Zachar.
797 1469 858 1502 iter
871 1466 968 1502 litter.
985 1480 1044 1515 per
1061 1465 1133 1504 Ital.
1155 1478 1189 1514 p.
1204 1477 1259 1509 47.
1281 1477 1313 1502 et
1332 1478 1389 1513 99.
1416 1486 1466 1494 —
1499 1467 1611 1504 Paris.
1635 1470 1670 1502 in
1691 1469 1838 1516 quinque
1859 1463 1961 1501 codd.

237 1538 286 1575 gr.
304 1519 384 1560 bibl,
406 1517 496 1569 publ.
521 1537 572 1606 }-
587 1569 601 1605 ἶ
622 1519 664 1557 In
678 1515 807 1554 duobus
821 1531 873 1572 gr.
894 1516 996 1559 codd<
1014 1517 1091 1555 bibl.
1107 1517 1265 1568 Efiorial.
1287 1517 1467 1557 secundum
1482 1519 1598 1556 Pliier.
1613 1521 1650 1554 in
1665 1520 1807 1555 itinerar.
1825 1529 1886 1567 per
1901 1518 1962 1553 Hi-

237 1577 325 1627 span.
338 1586 370 1625 p.
389 1574 460 1615 164.
509 1571 533 1607 I
547 1583 585 1606 αν
598 1595 608 1605 .
1441 1580 1445 1584 ‘

404 1675 478 1712 VII.
494 1686 496 1690 ’
532 1672 671 1722 Dialogi
683 1684 792 1709 nonem
807 1669 850 1708 ad
863 1672 1022 1711 eumdem
1037 1673 1276 1717 Nemesinum.
1305 1672 1348 1710 ad
1363 1686 1462 1723 quem
1476 1671 1702 1710 thesaurorum
1718 1670 1839 1708 librum
1860 1669 1961 1713 misit.
2022 1680 2023 1684 ¹

241 1740 403 1783 quemque
420 1725 717 1774 φιλομωθὲςοιτον
735 1721 887 1773 diem&
901 1724 1062 1776 adpellat‚
1089 1729 1124 1762 in
1140 1728 1256 1776 quibus
1278 1728 1446 1767 Hermias,
1472 1727 1519 1770 ¹⁶)
1543 1735 1575 1760 et
1595 1723 1742 1769 Cyrillus
1764 1722 1962 1772 colloquun-

238 1795 304 1823 zur,
330 1794 402 1830 pag.
418 1786 476 1822 383
492 1797 533 1804 —
544 1784 618 1822 778·
645 1776 808 1826 Dialogos
825 1775 909 1811 duos
923 1778 1108 1826 postremos
1124 1779 1161 1814 de
1176 1780 1391 1813 incarnatione
1405 1779 1564 1825 vnigeniti
1574 1784 1607 1812 et
1615 1776 1706 1824 quod
1717 1776 1855 1826 vnusstt
1871 1773 1963 1811 Chri-

230 1835 323 1885 stus,
350 1843 431 1881 quos
447 1840 595 1877 tempore
610 1827 723 1876 aliquo
741 1829 914 1864 interiedio
931 1829 1066 1865 demum
1087 1830 1249 1878 prioribus
1271 1828 1466 1865 subiunxiss'e
1489 1827 1636 1874 Cyrillus
1660 1824 1810 1868 videtufi,
1836 1827 1962 1874 primus

241 1897 357 1936 graece
373 1894 450 1917 cum
467 1878 615 1915 verslone
631 1889 661 1914 et
675 1882 764 1914 notis
779 1878 925 1928 vulgauit
938 1883 1117 1916 Bonauent.
1137 1882 1330 1922 Vulcanius,
1365 1879 1407 1914 ad
1434 1878 1559 1915 calcem
1579 1879 1656 1915 libri
1679 1886 1794 1914 contra
1814 1877 1963 1914 Anthro-
2017 1878 2021 1901 ἵ

240 1934 491 1987 pomorphitas‚
513 1929 620 1981 Lugd.
639 1931 705 1969 Bat.
727 1933 818 1976 1605.
840 1933 877 1966 in
898 1942 930 1975 4.
956 1933 998 1979 ²)
1048 1935 1087 1969 In
1113 1930 1313 1968 editionibus
1334 1943 1414 1967 vero
1435 1930 1554 1978 Cyrilli
1576 1929 1685 1967 latinis
1706 1928 1831 1965 exstant
1843 1924 1963 2015 1‘modo
2016 1971 2019 1979 ἱ

1856 1987 1979 2027 εΡτειιιμ
2016 1987 2018 1991 “

286 2107 322 2141 ι’)
345 2104 380 2134 1¹1
397 2099 632 2131 1V1se21te¹¹fit³12
648 2098 711 2133 (list.
730 2109 779 2136 24.
806 2111 855 2142 qu.
871 2110 894 2137 ς.
919 2107 973 2132 art.
994 2102 1033 2131 11.
1055 2107 1085 2130 et
1170 2101 1216 2140 w)
1244 2104 1333 2132 Hunc
1355 2100 1489 2141 suspicor
1511 2100 1569 2130 effe
1591 2099 1760 2134 Hermiam,
1791 2097 1874 2126 cuius
1895 2096 1964 2125 irri-

248 2157 352 2179 eontm
376 2147 584 2185 impugnantes
605 2142 746 2179 religion.
772 2154 836 2184 cap.
862 2152 885 2179 ς.
909 2143 959 2173 sub
985 2146 1033 2174 fin.
1057 2151 1086 2173 ct
1128 2144 1238 2174 (ionem
1259 2143 1511 2185 philosophorum
1533 2143 1687 2173 habemus.
1873 2142 1875 2145 “

245 2195 277 2222 iu
294 2187 437 2231 opusculo
456 2194 559 2215 contra
578 2196 694 2214 errores
710 2188 894 2215 Graecorum
911 2194 940 2215 et
960 2188 991 2215 iu
1009 2194 1086 2215 cate·
1381 2222 1385 2224 .

247 2245 283 2264 na
305 2240 395 2262 aurea
415 2228 451 2258 ad
476 2229 621 2258 Matthaei
644 2231 724 2259 XVI.
755 2230 806 2269 qui
828 2228 911 2258 locus
934 2231 1023 2258 etiam
1053 2230 1085 2258 in
1170 2231 1219 2267 x)
1248 2231 1368 2265 Integra
1392 2228 1480 2264 libri,
1509 2239 1597 2268 quem
1624 2224 1774 2267 possidw,
1805 2223 1961 2263 inscriptio

245 2278 326 2308 MSS.
341 2273 555 2305 Thomacjm,
580 2279 611 2300 vt
627 2273 656 2300 in
676 2272 838 2312 impressis,
862 2273 972 2307 exstat,
1003 2279 1033 2301 vt
1051 2282 1086 2301 ex
1129 2273 1183 2300 est:
1214 2271 1355 2312 „Cyn-iili
1376 2288 1417 2294 —
1439 2271 1508 2300 adu.
1535 2267 1864 2310 Anthi-opomorpbita‘s
1886 2264 1965 2294 libet

247 2321 373 2349 Guiarto
398 2315 514 2343 notauit
530 2311 618 2345 Rich.
633 2314 741 2346 Simon
765 2322 840 2345 tom.
858 2317 913 2345 111.
938 2315 1012 2347 Hist.
1028 2316 1084 2345 cri·
1128 2325 1201 2343 vuus
1223 2324 1267 2351 gr.
1297 2322 1326 2344 et
1351 2313 1402 2345 lat.
1444 2312 1583 2344 Eiusdem
1607 2311 1643 2341 de
1669 2310 1877 2340 incarnatione
1899 2309 1965 2336 vui-

247 2364 324 2393 ticae
345 2361 386 2390 N.
401 2358 444 2387 T·
461 2367 489 2398 p-
505 2365 570 2394 471·
1128 2358 1233 2394 geniti,
1253 2364 1292 2394 et,
1316 2356 1399 2398 quod
1417 2367 1492 2386 vnus
1512 2356 1684 2388 mehr-istus
1707 2352 1912 2420 ae'Domiuuel
1923 2349 1964 2378 se-

1835 2403 1892 2422 cun
1917 2403 1965 2420 um

2013 2155 2020 2355 -.nv-—y'vffi
2016 2131 2020 2143 -,
2016 2094 2019 2121 ,ἡ
2016 2064 2017 2071 ᾼ
