2023 2656
253 126 321 169 ⁶74
369 121 443 157 Lib.
462 119 506 158 V.
527 133 551 164 c.
566 106 731 157 mxv.
897 117 1068 155 smom
1093 118 1184 154 PRO
1211 116 1411 155 mono.
1756 118 1820 147 voi.
1835 118 1881 146 ιχ.
1896 128 1921 153 p.
1938 125 1985 153 37¹

254 233 287 270 p.
304 230 377 253 100.
402 217 547 252 Lahhcus
566 223 648 249 tom.
665 216 720 250 IX.
740 227 772 262 p.
787 224 860 256 324.
887 212 1050 249 Hui-duin-
1068 222 1150 252 tom.
1167 213 1230 249 VI.
1245 225 1358 263 p.210.
1410 210 1663 249 confer'Etiam
1679 214 1723 249 du
1736 215 1804 250 Pin
1823 224 1903 250 tom.
1913 216 1988 251 VII.

259 270 338 307 bibl.
354 265 466 304 eccles.
492 281 524 313 p.
540 277 596 311 99.
615 263 681 315 seq.
713 266 784 300 Alia
799 279 839 300 ex
855 267 988 301 Ioannis
1004 267 1098 301 Becci
1113 263 1180 300 siue
1195 268 1296 300 Vecci
1310 266 1512 315 patriarchae
1530 265 1636 300 CPol.
1661 264 1758 311 λέγω
1780 263 1822 300 de
1842 279 1920 315 pace
1938 280 1990 301 ec-

258 320 374 357 elesiae
388 321 583 366 Beueregius
606 327 689 352 tom.
706 318 748 352 II.
771 319 883 364 magni
898 315 1052 364 synodici
1077 330 1109 365 p,
1127 328 1199 359 273.
1225 330 1341 365 graece
1356 326 1386 351 et
1400 316 1454 351 Iat.
1480 319 1593 352 Oxon.
1609 319 1698 360 1672.
1715 308 1776 356 fol,
1827 319 1880 353 Ex
1892 319 1942 353 his
1959 325 1992 352 et

258 372 353 413 aliis,
388 383 471 419 quae
493 366 654 404 euoluiffe
677 367 708 404 se
729 368 883 410 testatur,
925 370 1082 416 excerptis
1104 369 1285 403 Afflonum
1303 371 1377 403 VII.
1402 381 1542 403 numero
1566 366 1674 403 diuisis
1696 367 1867 404 historiam
1891 370 1992 405 huius

259 423 394 460 concilii
407 419 503 456 tradit
521 421 609 455 Guil.
629 419 751 456 Canens
768 422 802 454 in
816 431 908 468 parte
926 420 1023 455 altera
1032 417 1116 454 Hist.
1131 419 1291 454 literariae
1305 416 1500 468 scriptorum
1516 419 1594 455 eccl.
1613 419 1653 455 ad
1671 427 1788 464 a.879.
1838 422 1995 469 Denique

261 476 332 511 adia
350 477 478 521 integra
494 474 523 515 ⁰)
547 484 596 520 gr.
614 480 645 505 et
659 471 713 506 lat.
729 471 875 519 vuigauit
888 485 928 506 ex
945 473 1103 506 Vaticano
1118 469 1236 520 codice
1249 473 1297 505 Io.
1315 472 1508 506 Harduinus
1524 472 1612 507 r.VI.
1640 472 1760 508 concil.
1776 484 1808 519 p.
1825 479 1909 517 214-
1918 482 1992 514 343.

264 524 357 572 [add.
373 521 483 559 Manfi
501 533 521 556 t.
533 522 636 557 XVII.
653 536 685 570 p.
695 534 773 567 494.
787 521 847 570 sq]
865 525 975 558 Huius
992 523 1062 558 36111
1074 521 1244 558 seruantur
1259 525 1354 557 etiam
1369 524 1401 557 in
1418 522 1494 557 bibl.
1506 522 1670 564 Kauana,
1694 522 1826 558 Radero
1843 522 1942 562 teste,
1962 531 1994 557 at

262 590 327 625 que
342 579 378 610 in
397 573 558 614 caesarea,
586 584 621 608 vt
635 584 727 608 notat
742 573 896 620 Nqffizlius
918 588 949 622 p.
968 585 1034 619 154.
1062 588 1125 609 vna
1147 587 1223 609 cum
1239 573 1373 621 epistola
1392 577 1524 610 Ioannis
1533 575 1626 611 VIII.
1643 573 1681 609 ad
1691 575 1866 610 Photium.
1891 575 1993 609 Fabr-

261 631 330 665 Leo
348 626 452 661 Allat.
467 630 500 661 in
514 624 599 659 libro
616 623 657 660 de
671 629 864 674 purgatorio
881 626 996 661 locum
1012 626 1154 673 longum
1166 625 1206 659 de
1221 626 1346 661 Photio
1363 639 1403 661 ex
1412 629 1522 661 Vecco
1536 625 1663 661 inedito
1680 627 1715 661 in
1728 625 1837 661 lucem
1850 625 1993 673 protulit

260 692 295 728 p.
305 690 370 723 591.
381 675 449 725 sqq.
465 687 496 711 et
509 674 566 711 sub
579 675 682 712 finem
697 677 783 712 illius
793 680 902 725 operis
916 679 1108 726 p-723-856.
1123 689 1171 724 gr,
1182 690 1258 712 cum
1266 675 1417 712 versione
1428 678 1485 713 iat.
1497 676 1741 713 ediditlommis
1751 678 1855 717 Vacci,
1871 675 1995 723 episco-

262 734 299 780 pi
314 728 502 769 cpolitani,
519 726 560 763 ad
568 727 736 777 Sugdaeae
751 728 942 776 episcopum
952 728 1196 768 Theodorum,
1223 728 1344 763 librum
1360 732 1502 774 tertium,
1519 733 1554 764 in
1572 742 1640 777 quo
1659 729 1766 764 multa
1781 727 1995 763 eontraPho-

262 784 346 817 tium
360 794 397 815 ac
413 792 475 827 pro
492 782 623 826 Ignatio
640 778 862 828 disputantur,
890 790 986 828 atque
1002 781 1135 815 historia
1151 777 1191 814 de
1208 780 1335 815 Photio
1352 779 1558 828 patriarchali
1580 778 1654 816 sede
1678 777 1793 827 pulso,
1827 775 1882 813 sed
1902 778 1992 813 resti-

264 842 338 868 tuto
358 842 511 879 quoque,
537 828 737 879 synodisque
754 843 791 865 ea
806 830 847 866 de
861 829 964 866 caussa
987 833 1102 867 habitis
1125 842 1310 874 enarratur.
1337 832 1486 879 inprimis
1503 835 1571 866 eius
1593 830 1743 867 doetrina
1764 830 1805 865 de
1822 832 1944 878 Spiritu
1960 832 1992 865 S.

264 881 436 920 refutatur.
463 901 514 908 —
565 879 668 918 Conf.
685 885 782 916 etiam
797 884 940 921 Fontan.
955 886 988 918 in
1005 886 1103 919 nouis
1119 881 1325 917 eruditorum
1341 881 1463 918 deliciis
1488 885 1590 918 citatis
1611 894 1684 931 pag.
1699 882 1822 920 LVIII,
1844 878 1915 930 sqq.
1940 881 1994 916 vbi

265 946 404 985 quoque
418 933 557 967 Photius
574 945 592 966 a
607 936 746 969 crimine
761 935 893 969 Baronii
910 933 951 968 ad
965 949 991 970 a.
1009 941 1047 973 C.
1066 941 1141 978 879.
1163 946 1254 969 num.
1270 935 1329 970 VI.
1346 935 1464 970 XVIII.
1482 944 1543 973 etc,
1576 934 1786 982 aliorumque
1803 931 2000 976 vindicatur,

267 996 300 1022 et
315 985 492 1021 Schroecklz.
510 986 544 1019 in
559 982 673 1022 histor.
691 987 744 1020 cit.
763 994 845 1021 tom.
860 987 976 1021 XXIV.
1002 1000 1034 1035 p.
1049 993 1118 1026 188.
1134 984 1203 1034 sqq.
1255 986 1337 1021 Aeta
1354 987 1452 1020 huius
1468 984 1585 1030 synodi
1599 985 1695 1035 plena
1717 988 1863 1034 primum
1877 995 1998 1032 graece

266 1035 372 1073 edidit
387 1035 584 1078 Anthianus,
611 1034 704 1083 episc.
723 1038 877 1071 Remnic.
897 1039 932 1072 in
947 1050 1065 1086 opere:
1100 1035 1212 1084 Τόμος
1227 1038 1371 1086 Χαςοῖς,
1398 1048 1487 1081 1705.
1502 1035 1562 1073 fol.
1587 1051 1637 1073 nr.
1657 1039 1688 1075 6.
1724 1034 1785 1082 (de
1803 1048 1871 1084 quo
1892 1048 1995 1084 opere

267 1101 300 1128 v,
319 1085 404 1122 infra
418 1087 458 1122 ad
474 1088 504 1134 §.
520 1088 578 1121 IX.
598 1085 639 1121 de
653 1087 797 1136 epistolis
813 1088 928 1123 Photii
944 1088 985 1123 ad
1001 1104 1050 1125 nr.
1068 1092 1119 1129 1.)
1148 1109 1194 1115 —
1234 1090 1440 1124 Vindobonae
1461 1091 1495 1124 in
1513 1087 1586 1127 cod.
1606 1087 1720 1124 caesar.
1738 1088 1854 1123 XLIV.
1879 1100 1930 1123 nr.
1946 1092 1996 1126 18.

268 1137 395 1176 exstant
413 1139 550 1174 concilii
573 1137 679 1184 iliius,
709 1137 771 1185 (de
796 1151 864 1187 quo
888 1141 1032 1177 Lamhec.
1053 1142 1143 1175 VIII.
1167 1154 1196 1188 p.
1215 1147 1290 1183 874.
1319 1153 1415 1175 more
1439 1138 1496 1175 suo
1518 1140 1631 1175 acerbe
1655 1138 1825 1183 iudicem)
1852 1149 1996 1175 canones

268 1201 341 1227 tres.
393 1189 584 1225 Lambecius
605 1190 733 1239 ablegat
754 1190 912 1232 leciores,
950 1195 1005 1239 qui
1029 1190 1124 1240 plura
1147 1190 1187 1226 de
1215 1192 1276 1226 ilio
1301 1192 1445 1226 concilio
1467 1189 1547 1226 scire
1563 1200 1699 1232 aucant,
1725 1189 1768 1226 ad
1783 1191 1832 1226 Io.
1846 1192 1998 1226 Zonaras

268 1242 442 1290 syntagma
457 1254 625 1276 canonum
646 1255 721 1291 pag.
737 1244 811 1275 260.
828 1240 914 1291 seqq.
939 1243 978 1277 ad
1000 1245 1156 1279 Theodori
1168 1243 1371 1290 Balsamonis
1383 1240 1553 1290 syntagma
1569 1254 1739 1278 canonum
1752 1255 1827 1291 pag.
1845 1248 1912 1286 583.
1928 1238 1998 1290 sqq.

269 1293 311 1329 ad
327 1304 408 1329 tom.
422 1293 511 1328 VIII.
530 1292 606 1328 edit.
625 1293 850 1328 conciliorum
867 1294 1033 1330 Parifinae
1055 1288 1328 1330 Labbeanae'coi.
1343 1296 1430 1338 1526.
1452 1292 1515 1342 seq.
1539 1293 1627 1329 etad
1649 1304 1732 1328 tom.
1745 1293 1803 1337 IX.
1831 1293 1898 1329 col.
1913 1303 1996 1335 324-

270 1356 335 1388 331.
362 1362 413 1369 --
434 1342 517 1378 Ibid.
537 1347 571 1378 in
588 1342 664 1378 cod.
679 1345 777 1379 XLV.
802 1358 850 1379 nr.
868 1357 923 1387 42.
948 1348 1091 1381 Lamhec.
1108 1347 1201 1380 VIII.
1225 1359 1257 1393 p.
1275 1357 1353 1388 930.
1377 1344 1448 1379 add.
1470 1343 1549 1380 ibid.
1567 1358 1598 1390 p.
1617 1350 1701 1383 1018.
1725 1358 1773 1380 nr.
1791 1356 1843 1387 30.
1869 1355 2000 1387 anony-

271 1399 319 1431 mi
335 1403 451 1429 narrat.
467 1394 557 1428 breu.
574 1396 617 1428 de
630 1396 707 1430 VII.
728 1395 875 1430 conciliis
890 1399 1130 1437 oecumenicis,
1158 1406 1189 1430 et
1205 1395 1246 1431 de
1261 1395 1407 1431 concilio
1425 1395 1517 1430 VIII.
1542 1396 1651 1432 CPoIi
1674 1394 1730 1430 sub
1744 1397 1859 1443 imper.
1877 1394 1997 1430 Basilio

271 1443 460 1484 Macedone
479 1454 510 1478 et
527 1444 655 1479 Photio
671 1446 852 1493 patriarcha
866 1447 976 1481 habito
994 1456 1053 1482 etc.
1080 1450 1116 1482 in
1137 1445 1212 1482 eod.
1234 1444 1347 1482 caesar.
1361 1446 1449 1480 LIII.
1473 1465 1525 1472 —
1561 1448 1690 1482 Monac.
1710 1448 1745 1481 in
1768 1445 1844 1481 cod.
1858 1446 1996 1482 XXVII.

272 1499 355 1534 Δόὶα
373 1493 512 1539 synodi,
539 1508 557 1529 a
572 1494 721 1537 Photio,
748 1499 831 1544 (qui
847 1508 983 1534 vocatur
1002 1495 1254 1546 aimuh-arog)
1281 1497 1388 1532 CPoli
1403 1509 1465 1545 pro
1483 1501 1605 1532 vnione
1621 1499 1653 1532 S.
1675 1496 1727 1532 dei
1750 1507 1781 1546 et
1801 1495 2000 1546 apostolicae

273 1546 436 1584 ecclesiae.
490 1544 603 1581 Insunt
619 1546 742 1596 septem
757 1549 912 1584 afflones.
939 1548 1031 1585 conf.
1045 1550 1084 1585 cl.
1103 1550 1226 1586 Hui-dt.
1241 1552 1276 1584 in
1293 1551 1420 1583 Aretini
1437 1550 1625 1598 Beytr‘zigen
1642 1559 1702 1586 etc.
1728 1563 1756 1584 a.
1770 1555 1860 1592 1803.
1873 1558 1998 1597 part.4.

272 1612 306 1649 p.
325 1611 372 1643 ιγ.
390 1597 453 1646 seq.
481 1600 539 1645 qui
554 1601 651 1633 etiam
668 1597 821 1642 adnotat,
848 1600 1013 1637 Photium
1029 1603 1063 1636 in
1077 1603 1144 1637 hoc
1167 1598 1242 1635 cod.
1262 1599 1295 1637 se
1316 1599 1421 1648 ipsum
1445 1601 1561 1635 Ioanni
1582 1602 1736 1636 Romano
1759 1598 1998 1650 praeposuiffe3

251 1663 253 1667 ⁴
275 1661 390 1686 contra
409 1652 443 1683 in
458 1648 716 1684 Harduiniedit.
729 1650 854 1686 concil.
876 1663 956 1687 tom.
973 1656 1029 1688 VI.
1057 1666 1090 1701 p.
1108 1664 1176 1696 214.
1193 1649 1239 1700 sq.
1276 1653 1436 1686 Ioannem
1457 1655 1617 1700 praeponi
1640 1652 1777 1688 Photio.
1810 1672 1858 1679 —
1913 1651 1999 1687 Acta

264 1702 361 1737 'illius
380 1699 501 1746 synodi
517 1703 551 1735 in
567 1699 642 1738 cod.
658 1699 812 1736 Escori'ai.
841 1716 871 1737 v.
889 1705 992 1739 Pliier
1008 1706 1111 1739 itiner.
1128 1718 1189 1752 per
1206 1702 1343 1751 Hispan.
1359 1716 1390 1750 p·
1404 1709 1471 1746 187.
1487 1723 1537 1731 —
1563 1703 1718 1750 JIIOsquae
1734 1706 1769 1739 in
1784 1701 1860 1740 cod.
1879 1701 1997 1749 synod.

253 1767 256 1769 ’
278 1754 491 1789 CCCXXIV·
519 1750 560 1786 de
583 1750 738 1797 syss0d0,
769 1750 842 1795 ἥτις
866 1754 1114 1799 οἰποκοιτὲςησε
1136 1754 1266 1795 Φῶτιον
1287 1753 1345 1793 τὲν
1365 1749 1466 1799 οἵὙιον
1491 1753 1721 1805 πατριάςχην
1743 1751 1789 1793 εἰς
1809 1755 1866 1795 rav
1880 1752 1997 1805 θςῖνον

275 1801 643 1845 Κωνςαντινεπίλεως·
673 1802 748 1841 οἱπὸ
763 1806 811 1844 ri}
825 1802 917 1852 λέγε
930 1808 976 1847 rt}
988 1806 1101 1849 sss'nns
1112 1835 1122 1849 ,
1149 1802 1172 1845 ἕ
1185 1805 1203 1850 ἦ
1218 1803 1317 1856 οἱςχῆ
1327 1816 1334 1823 ·
1362 1803 1396 1849 ἦν
1411 1803 1454 1843 οἷν
1469 1802 1640 1856 μακάριον
1655 1806 1810 1851 άληθῶς.
1862 1809 1904 1842 In
1929 1807 1998 1843 fine

276 1866 425 1904 excerpta
440 1853 514 1890 sunt
527 1868 566 1890 ex
587 1857 684 1889 variis
704 1856 844 1903 epistolis
854 1858 986 1894 Photii:
1012 1858 1133 1906 iegitur
1150 1861 1246 1894 etiam
1263 1857 1398 1907 epistola
1408 1858 1543 1893 Ioannis
1558 1871 1658 1906 papae
1674 1871 1758 1894 rom.
1775 1858 1814 1894 ad
1823 1859 1996 1897 Photium.

275 1920 305 1943 ν.
321 1907 481 1943 Matthaei
497 1908 591 1940 notit.
608 1903 707 1941 codd.
723 1919 773 1954 gr.
789 1907 979 1957 Mosquens.
998 1923 1031 1959 p.
1047 1922 1114 1945 212.
1134 1909 1199 1959 seq.
1225 1923 1274 1945 nr.
1289 1922 1322 1953 4.
1363 1913 1400 1945 In
1416 1908 1492 1944 eod.
1510 1910 1670 1946 Vaticano
1691 1910 1879 1946 testimonia
1900 1908 1994 1945 missa

277 1973 295 1994 a
310 1959 437 1993 Photio
455 1959 487 1991 in
501 1955 634 2001 synodo
651 1957 784 1995 CPoIit.
799 1972 861 2007 pro
880 1964 1004 1996 vnione
1019 1961 1190 2003 ecelesiae,
1219 1964 1251 1996 in
1269 1975 1333 2011 qua
1348 1958 1478 2002 synodo
1495 1970 1586 1995 erant
1600 1964 1712 1997 nuncii
1729 1962 1860 1998 Ioannis
1883 1974 1997 2011 papae.

275 2023 306 2048 v.
324 2009 506 2054 IIIonc‘fauc-
523 2008 604 2044 Bibl·
622 2007 769 2048 biblioth,
786 2013 885 2048 MSS.
903 2026 937 2062 p.
956 2024 1002 2049 12.
1022 2014 1059 2051 C.
1087 2013 1162 2049 add.
1177 2013 1258 2050 alios
1274 2011 1373 2048 codd.
1388 2010 1466 2048 ibid.
1486 2025 1520 2061 p.
1536 2018 1612 2056 380.
1635 2012 1681 2048 A.
1707 2024 1788 2057 470.
1802 2015 1845 2050 E.
1869 2023 1900 2049 et
1917 2015 1994 2057 692.

274 2063 325 2098 D.
349 2075 399 2097 nr.
413 2071 460 2095 12.
479 2070 570 2103 et13.
600 2059 700 2095 Harl.

1862 2138 1992 2177 Contra

316 2245 360 2285 ο)
383 2248 503 2276 Horum
526 2243 723 2282 legendorum
746 2247 866 2288 copiam
893 2246 946 2277 sibi
967 2246 1074 2278 saetam
1093 2259 1110 2278 a
1155 2254 1224 2278 ante
1239 2257 1306 2279 100.
1321 2257 1416 2278 annos
1432 2246 1622 2286 ador‘natam‚
1643 2250 1764 2280 testatur
1779 2249 1880 2291 steph.
1898 2247 1996 2280 deAI-

273 2288 415 2323 Baiano,
447 2290 498 2328 qni
521 2289 625 2317 habuit
649 2288 715 2317 cod.
737 2300 835 2326 graec.
860 2301 875 2320 e
893 2289 1033 2321 biblioth.
1051 2294 1110 2322 Co·
1154 2293 1266 2320 timura
1292 2293 1482 2322 PonticenfiS.
1513 2303 1541 2323 v.
1563 2290 1659 2323 Mich.
1678 2293 1706 2323 Ie
1720 2292 1818 2334 Quien
1838 2293 1870 2322 111
1893 2292 1990 2334 praef.

274 2330 418 2360 lumnenfi
435 2331 630 2371 descriptum,
654 2340 683 2360 et
697 2343 764 2361 cum
780 2332 846 2362 aliis
870 2333 987 2363 duobus
1009 2345 1109 2363 roma·
1153 2333 1191 2363 ad
1208 2332 1385 2375 Panopliam
1401 2343 1507 2366 contra
1527 2335 1654 2368 schisma
1675 2338 1871 2368 Graecorum.
1899 2336 2005 2370 Paris„

275 2375 320 2403 nis
344 2373 506 2411 conatum,
535 2382 564 2403 et
588 2374 754 2405 versionem
776 2374 828 2406 lat.
851 2386 867 2405 a
883 2375 988 2407 feder.
1010 2379 1107 2408 Metio
1151 2382 1229 2415 1718.
1250 2386 1283 2415 4.
1778 2391 1782 2394 ⁴
