2023 2656
12 146 79 181 'vot‘
91 142 164 183 virt.
177 161 204 185 ρ.
214 157 265 186 75⁸

537 155 539 157 ·
570 154 676 190 AL1A
700 145 883 191 MAX1M1
910 154 1107 190 semem
1308 157 1439 196 Lim
1459 170 1483 194 c.
1499 157 1623 197 XXV.
1676 145 1742 204 6σᾷ

98 249 155 296 [if]
210 250 319 295 Opera
343 249 378 284 S.
404 249 544 284 Maximi
566 249 670 290 edita,
717 261 799 298 quae
824 249 1003 347 instduobus
1034 236 1130 285 tamir
1154 250 1303 286 editionis
1333 252 1572 303 Gmibqfistanae
1603 267 1668 290 non

815 313 856 336 ex
883 308 954 337 ant.

18 395 69 430 45.
94 387 288 434 Fragmenta
306 384 445 432 plurima
461 387 493 421 S.
511 388 673 431 Maximi,
699 387 732 420 in
752 388 873 421 catenis
887 396 1018 434 patrum
1039 385 1080 421 ad
1102 388 1134 422 S.
1159 388 1345 436 Scripturae
1361 381 1488 434 libros,
1519 401 1551 425 et
1575 388 1741 438 speciatim

119 440 153 471 in
171 436 377 484 expositione
394 438 519 473 Cantici
533 437 735 473 Canticorum
752 450 811 485 per
825 437 1047 486 paraplnalin,
1063 438 1205 475 collecta
1222 453 1262 475 ex
1279 442 1459 488 GregoriO,
1476 439 1638 487 Nysseno,
1657 447 1739 482 Nilo

121 498 155 523 et
180 490 351 534 Maximo,
391 499 472 524 torn.
494 488 538 522 11.
571 489 714 523 Audiarii
735 489 902 523 Ducaeani
925 491 1019 524 Paris.
1046 491 1137 532 1624.
1160 487 1222 524 fol.
1246 504 1278 540 p.
1300 493 1370 531 681.
1390 502 1423 526 et
1443 501 1525 527 tom.
1547 495 1635 528 xm.
1658 496 1737 534 bibl.

118 548 250 589 patrum
266 539 341 575 edit.
359 540 497 576 Mox-eli.
513 554 542 574 a.
561 541 650 583 1654.
700 540 800 574 Fabr.
851 543 891 575 V.
906 538 1020 587 supra,
1051 540 1117 575 vol.
1141 541 1235 581 VIII,
1259 556 1330 591 cap.
1354 543 1449 578 XIII.
1469 543 1516 578 ‘de
1537 548 1658 580 catenis
1681 561 1737 596 pa-

117 601 206 626 trum
227 605 277 640 gr.
300 594 334 626 in
359 593 390 626 S.
411 590 624 639 scripturam,
658 589 784 638 paslim.
820 611 869 617 —
922 591 1120 640 Aliquotieq
1130 595 1164 628 in
1186 597 1306 629 catenis
1323 597 1428 629 msstis
1447 595 1670 641 Coislinisznh,
1703 602 1738 635 ia

117 642 302 688 Mmtfauc.
321 642 395 677 bibl.
412 642 517 677 Coisl.
531 655 583 677 ex.
601 655 650 690 gr.
668 645 700 676 in
718 640 875 684 Psalmos,
903 653 936 689 p.
951 653 1027 685 244,
1044 643 1138 678 bisin
1154 647 1294 686 Lucam,
1323 657 1355 692 p.
1380 648 1434 688 67.
1449 656 1480 681 et
1494 657 1562 689 252.
1588 649 1621 681 in
1645 650 1735 694 epist,

121 693 252 735 Iacchi,
281 704 312 740 p.
329 695 398 736 263.
420 705 481 728 etc.
506 713 556 719 --
582 693 622 728 In
638 695 780 728 anbcc.
799 706 923 732 comm,
940 692 981 729 de
996 693 1096 730 codd.
1112 695 1226 731 caesar.
1250 696 1316 731 vol.
1340 697 1402 731 111.
1425 699 1462 732 X.
1487 700 1558 733 XV.
1579 700 1683 735 XLII.
1705 710 1738 736 et

118 744 236 779 XLVI.
266 764 310 770 —
340 745 407 780 vol.
421 745 478 780 IV.
494 755 525 791 p.
544 756 616 789 397.
639 743 661 779 s.
678 743 754 780 cod.
772 745 919 782 CLXIX.
939 759 990 780 nr.
1007 757 1036 784 2.
1062 745 1229 794 expositio
1253 748 1492 795 paraphrastica
1510 753 1639 787 Cantici
1662 765 1736 788 can-

21 843 26 850 ·
63 829 66 832 ,
118 798 263 831 tieoruin
279 809 317 831 ex
334 797 514 843 Gregorio,
531 794 695 840 Nyss'eno,
722 796 794 832 Nili
809 806 840 831 et
857 798 1000 833 Maximi
1020 801 1265 833 commentariis
1287 799 1442 834 comedia:
1468 819 1517 826 —
1545 811 1577 847 p.
1601 812 1670 846 457.
1691 802 1738 852 sq.

119 844 189 882 fiue
205 846 280 882 cod.
300 847 542 884 CLXXXVIII.
569 861 619 882 nr.
638 859 685 881 22.
714 849 748 882 in
771 857 882 883 catena
904 850 939 882 in
963 846 1125 884 psalmum
1147 850 1240 885 CIII.
1273 869 1322 877 ——
1356 852 1542 887 Florentiae
1560 855 1595 888 in
1620 858 1738 890 catenis

119 900 154 934 in
169 897 314 938 Esaiam,
341 897 484 934 psalmos
503 909 533 933 et
548 899 605 934 IV.
623 898 803 947 euangelia.
829 912 858 933 v.
873 900 1018 934 Bandin.
1033 910 1096 935 cat.
1110 899 1210 935 codd.
1226 915 1275 949 gr.
1295 904 1446 936 Laurcut.
1464 903 1489 936 Ι.
1507 914 1538 950 p.
1565 910 1611 943 18.
1635 917 1683 949 91.
1705 913 1737 942 et

119 951 186 983 161.
212 968 262 975 -
297 951 440 986 Veneliis
461 953 494 984 in
514 950 591 985 bibl.
605 952 712 985 Marc.
735 948 808 984 cod.
826 951 961 985 XXVII.
984 948 1007 985 s.
1031 961 1142 986 catena
1161 955 1193 986 in
1209 952 1268 987 lv.
1286 952 1473 1001 euangelia,
1502 954 1543 988 de
1563 968 1625 1003 qua
1645 970 1673 990 v.
1696 957 1737 995 eL

118 1001 245 1036 Mor-cll.
267 1004 300 1036 in
316 1001 389 1036 bibl.
407 1003 502 1036 MSia
516 1014 566 1050 gr.
590 1010 622 1036 et
645 1001 700 1035 lat.
719 1003 743 1035 Ι.
762 1012 836 1051 pag.
851 1007 906 1043 48.
931 1000 978 1050 sq.
1005 1001 1082 1037 add.
1101 1003 1192 1039 catal.
1207 1001 1303 1040 codd.
1325 1018 1375 1053 gr.
1399 1003 1475 1039 bibl.
1501 1007 1608 1041 Marci
1632 1018 1663 1054 p.
1686 1019 1737 1050 23.

116 1062 188 1097 259.
217 1063 276 1087 etc.
328 1053 428 1088 Harl.

15 1135 73 1180 46.
98 1136 229 1174 Scholia
246 1142 278 1174 in
295 1140 424 1185 Opera,
449 1151 533 1187 quae
550 1140 613 1172 iam
635 1135 765 1184 pridem
787 1136 938 1173 feruntur
953 1137 1170 1181 subffnomine
1191 1141 1223 1174 S.
1239 1141 1398 1189 Dionysti,
1420 1145 1650 1191 Areopagitae,
1676 1142 1737 1179 illi-

21 1813 52 1843 lo
77 1821 163 1843 antea
184 1814 250 1844 init.
273 1813 303 1843 h.
318 1812 350 1852 ἓ.
367 1812 403 1842 de
420 1811 466 1843 ed.
489 1810 626 1843 Combef.
643 1823 676 1842 ac
693 1821 778 1842 tomo
795 1815 859 1842 eius

20 1857 133 1892 tertio,
173 1856 258 1896 prelo
289 1858 348 1885 iam
379 1863 506 1897 parato,
543 1854 669 1884 necdum
701 1854 795 1885 edito.
825 1858 858 1885 it.

23 1898 135 1930 oudin.
165 1898 185 1927 l.
217 1910 242 1929 c.
275 1908 342 1939 pag.
376 1904 461 1934 1649.
492 1899 544 1938 qui
575 1897 720 1938 quosdam
751 1899 859 1928 excitat

24 1941 113 1972 codd.
135 1958 177 1966 —-
207 1944 241 1972 In
271 1948 327 1971 cat.
357 1941 446 1971 codd.
476 1940 602 1978 Angliae
631 1949 687 1971 etc.
715 1949 791 1970 tom.
821 1943 862 1972 11.

115 1202 180 1238 que
193 1203 209 1223 a
224 1191 379 1225 Maximo
398 1202 517 1237 magna
531 1192 747 1224 contentione
764 1189 985 1229 vindicamur.
1015 1191 1054 1230 ”)
1080 1190 1278 1236 prodierunt
1291 1204 1407 1239 graece
1427 1195 1571 1239 primum
1594 1207 1632 1228 ex
1650 1197 1738 1233 Guit,

120 1239 272 1277 Mosellii
291 1239 425 1275 officina
442 1242 538 1275 Paris.
554 1242 639 1284 1562.
656 1242 690 1275 in
709 1247 741 1279 8.
769 1253 831 1274 vna
846 1252 921 1275 cuin
936 1240 1102 1286 Dionysio
1120 1240 1189 1288 ipso
1206 1250 1237 1275 et
1254 1244 1390 1291 Georgii
1407 1245 1637 1287 Pachymerae‚
1662 1247 1737 1281 Mass

84 1314 88 1315 γ
118 1293 248 1328 ximum
275 1290 421 1340 sequuti,
452 1290 639 1340 paraphrasi
665 1301 696 1326 et
717 1291 893 1327 Michaelis
922 1291 1062 1341 Syngeli
1091 1295 1125 1327 in
1157 1292 1362 1338 Dionysium
1385 1299 1552 1329 encomio.
1609 1295 1740 1333 Deinde

116 1355 231 1392 graece
245 1352 277 1378 et
290 1343 390 1378 latine
406 1355 483 1378 cum
497 1343 594 1377 Petri
609 1340 760 1388 Lanffilii
782 1343 813 1378 S.
837 1342 862 1377 I.
887 1342 1054 1384 versione,
1088 1346 1122 1378 in
1145 1342 1292 1379 editione
1315 1357 1455 1392 operum
1478 1345 1636 1390 Dionysii
1659 1353 1741 1385 Ant:

116 1405 221 1443 werp,
239 1396 320 1438 1615.
341 1398 372 1430 in
391 1391 452 1429 sol.
476 1405 508 1428 et
522 1407 599 1428 cum
616 1393 765 1429 versione
777 1394 986 1440 Baltlmsaris
1002 1394 1148 1431 corderii
1164 1407 1205 1430 ex
1221 1394 1335 1430 eadem
1355 1397 1386 1431 S.
1402 1398 1424 1430 1.
1446 1399 1541 1433 Paris.
1568 1400 1654 1441 1633.
1679 1396 1740 1436 fol.

118 1447 162 1482 11.
181 1445 248 1481 vol.
270 1445 434 1492 Francisci
448 1445 617 1494 Combqfiſsi
634 1446 746 1480 breues
760 1444 801 1480 ad
819 1447 960 1480 Maximi
980 1449 1014 1481 in
1029 1445 1231 1491 Dionyfium
1247 1445 1369 1481 scholia
1385 1446 1565 1494 vindiciae,
1593 1460 1624 1484 et
1642 1453 1740 1486 inter·

118 1507 250 1547 pretum
263 1495 415 1533 Lansselii
433 1508 461 1531 et
480 1496 633 1532 Coi-desii
656 1495 884 1544 castigationes
905 1495 1030 1532 exstant
1050 1495 1090 1532 ad
1116 1497 1238 1534 calcem
1259 1498 1418 1533 homiliae
1440 1499 1471 1532 S.
1495 1499 1739 1545 chrysostomi.

119 1561 204 1598 quae
219 1551 347 1598 incipit:
381 1549 463 1598 φέρε
480 1538 517 1589 dri
535 1544 592 1592 ’wi
609 1548 674 1584 τῶν
690 1546 857 1598 ἡμετέρων
879 1545 1021 1598 κξότων,
1055 1547 1162 1584 editae
1181 1562 1298 1598 graece
1317 1559 1349 1584 et
1370 1549 1472 1586 latine
1492 1564 1509 1586 a
1534 1551 1740 1588 Combefifio

120 1600 219 1636 Paris.
233 1603 324 1645 1645.
341 1603 376 1636 in
390 1611 422 1643 4.
443 1614 476 1650 p.
493 1602 532 1645 65
549 1620 579 1625 -
600 1601 653 1639 86.

964 1653 1086 1700 Pppp
1113 1661 1133 1686 a
1574 1655 1752 1692 INDEX

63 1773 108 1807 ee)
128 1771 167 1800 V.
178 1768 275 1812 supra,
290 1769 354 1800 vol.
370 1771 439 1800 VII.
453 1780 483 1810 p.
499 1777 543 1801 12.
559 1779 598 1806 13·
615 1774 715 1808 16.17.
732 1769 858 1811 etpaul-
902 1767 1079 1806 emendata,
1124 1765 1240 1799 scholia
1263 1770 1365 1807 auQa,
1409 1778 1500 1813 atque
1529 1782 1564 1803 ex
1594 1773 1632 1803 iis
1654 1783 1745 1815 quae⁴

904 1812 991 1848 dam,
1036 1811 1132 1842 veluti
1163 1812 1322 1850 Germani,
1358 1816 1548 1855 patriarchae
1576 1815 1741 1853 cpolitani.

904 1856 941 1884 ab
970 1855 1036 1885 aliis
1065 1855 1099 1886 S.
1129 1855 1270 1887 M'aximi
1308 1856 1460 1891 distincitu
1503 1857 1600 1888 adhuc
1630 1866 1742 1896 tamen,

904 1909 975 1927 num
1005 1897 1155 1928 ‹listiiifiio
1187 1909 1222 1928 ea
1251 1900 1331 1929 reeh:
1368 1899 1396 1929 sc
1426 1900 1553 1936 habeat,
1597 1900 1680 1942 poss‘e‘
1709 1903 1741 1932 in

905 1939 1030 1970 dubium
1054 1943 1195 1971 reuocari
1218 1953 1285 1972 cuin
1309 1945 1354 1972 10.
1377 1944 1424 1972 Fr.
1447 1942 1600 1973 Beruardo
1623 1943 1662 1973 de
1683 1947 1741 1975 Ru-

25 1995 71 2015 nr.
86 1989 165 2016 6110.
184 1985 252 2014 cod.
271 1984 362 2014 Gatei
381 1985 418 2014 sic
436 1986 561 2013 citatur:
586 1983 737 2021 Maximi,
759 1993 864 2014 mona-

24 2025 88 2064 ehi,
109 2027 277 2068 ambigua,
300 2027 348 2057 vs!
359 2025 478 2067 scholia
502 2026 533 2056 in
554 2026 742 2068 Dionysium,
764 2026 862 2057 Arco-

21 2071 184 2111 pagitam,
234 2070 350 2101 intdita
377 2080 432 2110 gr.
462 2068 531 2100 add.
561 2069 637 2099 ibid.
670 2071 701 2099 in
732 2077 804 2100 tom.
836 2072 860 2099 1.

24 2115 103 2143 iuter
126 2112 215 2144 codd.
239 2113 407 2143 Oxoniens.
429 2123 472 2142 nr.
497 2117 580 2145 1608.
604 2120 633 2142 et
656 2117 735 2148 1630.
759 2112 862 2143 Mone-

18 2154 142 2197 faucon.
171 2156 244 2187 bibl.
274 2156 400 2186 coislin.
433 2165 500 2196 pag.
534 2166 599 2191 ¹40·
628 2164 657 2184 ct
680 2165 739 2190 ‘303-
764 2154 859 2186 eiusd.

24 2198 175 2241 palaeogr.
196 2209 294 2236 graec.
320 2209 378 2240 pag
391 2203 445 2229 .61.
470 2207 499 2228 et
521 2208 583 2235 322.
603 2215 646 2221 -—
670 2197 806 2230 Venetiis
830 2200 860 2227 in

711 2253 740 2283 p.
765 2247 808 2273 16.
834 2249 862 2271 et

714 2296 741 2325 p.
758 2290 801 2318 88.
819 2284 860 2325 sq.

29 2326 66 2357 de
92 2327 160 2358 eod.
188 2329 322 2359 CXLIII.
360 2329 413 2369 qui
442 2327 583 2363 adnotat,
628 2325 664 2356 ad
688 2326 768 2357 illino
792 2327 862 2357 cod.

26 2369 117 2403 fidem
137 2370 219 2414 099.
236 2371 382 2408 memini,
405 2374 567 2414 Areopag:‚
590 2371 734 2402 recensita
755 2370 812 2402 effe
835 2378 864 2401 et

27 2241 114 2272 codd.
138 2244 309 2274 Marcianis.
341 2254 370 2272 v.
395 2241 501 2282 supra,
533 2240 594 2271 vol.
619 2244 686 2271 VlI.

28 2283 81 2314 eel-
102 2285 220 2316 Motell.
241 2287 274 2315 in
297 2285 372 2317 bibl.
386 2293 461 2314 insta
483 2295 527 2322 gr.
549 2292 580 2314 et
599 2283 652 2313 lat.
665 2287 688 2314 1.

908 1983 970 2012 beis
994 1985 1024 2012 in
1052 1982 1117 2013 diff.
1146 1984 1353 2024 praeliminari
1384 1985 1528 2015 editionis
1557 1987 1656 2027 ipfius.
1701 2003 1744 2013 —

911 2025 1039 2056 Taurini
1062 2028 1093 2055 in
1114 2026 1188 2059 bibl.
1211 2037 1274 2065 reg.
1298 2027 1367 2057 cod.
1390 2030 1496 2058 XXIV.
1519 2027 1573 2058 fol.
1597 2031 1659 2062 108.
1675 2028 1742 2060 sum

905 2069 1049 2099 [Waximi
1077 2067 1114 2098 de
1143 2068 1265 2100 diuersis
1296 2069 1396 2099 dubiis
1427 2071 1520 2100 Sfior.
1552 2071 1690 2113 Dionysii
1711 2079 1741 2103 et

906 2111 1056 2152 Gregorii
1079 2111 1115 2140 ad
1138 2113 1304 2147 Thomam,
1335 2112 1538 2153 ρι-αεΐεᾶιιιιις
1580 2122 1669 2155 atque
1691 2125 1742 2145 au-

905 2155 971 2185 &or
994 2159 1051 2185 cat.
1073 2153 1162 2185 codd.
1177 2162 1226 2191 gr.
1250 2154 1343 2185 Taur.
1365 2167 1395 2196 p.
1420 2165 1462 2192 95.
1486 2156 1652 2194 habentur,
1695 2159 1741 2187 in-

905 2199 988 2238 quit,
1031 2205 1161 2238 quatuor
1189 2207 1274 2239 capp.
1311 2200 1342 2228 in
1371 2201 1499 2239 primam
1529 2199 1563 2230 S.
1593 2199 1744 2240 Gregorii

906 2247 981 2270 orat.
1005 2239 1042 2270 de
1065 2239 1161 2276 filio,
1207 2249 1235 2269 ct
1256 2243 1394 2281 quintum
1415 2243 1447 2271 in
1469 2242 1618 2282 Dionysii,
1646 2242 1744 2274 Arm-

903 2283 1044 2324 pagieae,
1067 2284 1150 2324 epist.
1175 2281 1212 2312 ad
1234 2285 1352 2320 Caium,
1371 2285 1588 2326 thei-apennini.
1615 2302 1656 2312 -
1683 2287 1746 2317 Pa.

908 2328 964 2358 ris.
991 2328 1023 2357 iu
1045 2326 1174 2357 sedecim
1197 2325 1286 2356 codd.
1309 2326 1382 2357 bibl.
1405 2328 1488 2368 publ.
1533 2327 1626 2359 Harl.
