2023 2656
191 134 255 169 266
307 133 635 173 Lib.V.c.XXIX.
845 135 1141 175 SANCTORVM
1166 138 1332 176 ELOGIA
1614 138 1770 174 v01.1x.p.
1780 141 1914 176 ῑῦιῐιοε

361 229 614 277 *Persecutores
638 231 761 278 quidem
783 231 839 266 alii
863 238 893 267 et
917 234 1061 280 tyranni.
1114 235 1228 269 Latine
1251 236 1284 268 in
1303 243 1385 270 tom.
1403 237 1434 271 V
1437 236 1460 271 1.
1487 222 1738 285 Lipontanniet
1759 235 1846 285 apud
1862 238 1921 271 Su-

425 284 513 317 rium
533 280 575 316 ad
593 293 637 325 17.
656 284 755 318 Iunii.
781 284 881 319 Fabr.
933 281 1036 319 Conf.
1052 285 1195 320 Bandin.
1210 294 1271 321 cat.
1286 284 1385 321 codd.
1402 298 1452 335 gr.
1471 289 1622 322 Laurent.
1641 290 1666 323 1.
1687 300 1720 336 p.
1736 299 1810 333 445.
1828 301 1878 324 nr.
1894 298 1924 322 2.

429 342 461 368 et
476 342 547 369 not.
566 335 602 369 in
622 347 685 383 qua
699 332 843 384 adpellat
856 335 929 371 Aa.
943 336 998 370 SS.
1024 336 1101 373 Iun.
1121 346 1203 373 tom.
1221 338 1280 373 111.
1304 349 1337 386 p.
1356 349 1433 382 290.
1453 337 1507 373 ed.
1523 339 1643 374 Venet.
1677 340 1774 375 Harl.

197 415 261 464 [P]
289 414 402 460 Iudae,
423 416 601 454 Thaddaei
629 419 783 468 apossoli.
818 419 859 456 ‘O
873 420 932 467 μὲν
952 416 1125 471 μακάριος
1146 415 1297 466 Ἰακώβ..
1324 424 1452 460 Auctor
1465 425 1596 459 Nicetas
1610 423 1790 474 Paphlago.
1816 422 1929 460 Exstat

298 480 416 516 graece
442 479 474 506 et
486 470 599 506 ”latine
620 474 655 507 in
679 471 874 507 Combeflfii
894 474 1050 510 Audario
1076 472 1197 509 nouiss'.
1219 484 1304 510 tom.
1320 476 1346 511 1.
1373 488 1450 525 pag.
1464 485 1532 520 415.
1566 474 1668 512 latine
1691 486 1772 512 tom.
1791 477 1926 513 XXVlI.

301 520 380 557 bibl.
402 531 534 570 patrum
551 520 656 572 Lugd.
683 536 758 573 pag.
775 534 842 568 4¹5,

198 595 379 640 PIulianae
399 602 432 634 in
445 599 524 635 vrbe
544 598 762 635 Nicomediae
785 604 995 647 martyrium.
1056 598 1118 649 Ka>
1140 602 1158 647 ἦ
1174 606 1316 645 notate„
1335 605 1402 642 τῶν
1427 602 1558 642 πόλεων
1584 602 1603 649 ἦ
1623 597 1814 648 Νικομήὲες
1837 602 1926 651 φημὶ

302 647 514 700 Μοιξιμισινέ
533 652 580 690 vi}
600 647 771 695 δυσσεβὲς
791 648 974 702 ἄρξαντες.
1031 655 1147 690 Latine
1170 654 1258 703 apud
1282 659 1417 692 Surium
1442 658 1487 690 16.
1504 657 1596 692 Febr.
1623 669 1655 705 p.
1683 660 1750 691 161.
1803 657 1927 691 Graece

302 703 376 737 MS.
396 705 429 738 in
447 703 522 738 bibl.
539 704 682 739 Coislin.
704 716 778 753 pag.
798 715 864 747 213.
890 706 990 739 Fabr.
1042 707 1155 740 Paris.
1181 709 1214 741 in
1237 718 1361 742 nouem
1384 707 1482 743 codd.
1511 706 1587 743 bibl.
1609 707 1699 756 publ.
1725 725 1775 733 ·-—
1803 708 1836 742 in
1851 705 1925 742 cod.

301 754 428 788 Matrit.
457 767 486 787 v.
506 757 626 790 Irim-te
643 765 704 789 cat.
722 755 820 790 codd.
834 769 882 805 gr.
903 757 1029 791 Matrit.
1053 770 1085 804 p.
1103 758 1174 798 362.
1201 777 1252 783 —
1305 760 1384 793 Adia
1407 761 1494 802 eius,
1527 761 1660 803 auciore
1682 771 1861 805 anonymo
1886 771 1926 793 ex

302 806 358 840 XI.
374 803 471 841 codd.
491 819 566 841 cum
592 816 773 842 comment.
796 817 829 842 et
851 810 939 842 notis
960 809 1196 854 IotBollandi,
1223 810 1257 844 in
1277 811 1367 845 Acriis
1391 811 1443 843 SS.
1460 806 1613 845 Februar.
1637 819 1719 847 tom.
1736 811 1780 843 ll.
1801 823 1833 857 p.
1851 811 1925 849 868.

301 854 371 904 sqq.
399 873 451 881 —-
487 856 562 892 ibid.
583 871 617 906 p.
634 863 708 900 878.
733 855 800 908 sqq.
828 861 893 894 vita
912 857 990 901 alia,
1022 861 1158 895 audiore
1175 861 1280 895 Petro
1298 860 1500 897 subdiacono
1512 890 1521 904 ,
1548 873 1588 898 ex
1602 862 1700 899 MSS.
1716 858 1827 896 eccles.
1842 863 1927 896 Nea-

302 907 468 956 politanae
483 918 514 944 et
528 911 724 958 Capuanae,
753 923 830 945 cum
847 913 945 945 notis.
973 931 1022 938 —
1050 909 1130 950 ibid,
1147 925 1178 960 p.
1196 917 1269 951 882,
1288 913 1457 948 translatio
1475 914 1507 947 S.
1525 911 1691 953 Iulianae,
1718 925 1737 946 a
1755 911 1832 947 teste
1849 924 1927 948 ocu-

302 959 373 994 lato
399 956 566 1009 deffiripta.
593 979 636 987 -
683 963 736 997 De
757 961 902 1000 Iuliana.
929 961 1000 1000 abb.
1018 965 1051 998 in
1066 964 1155 1000 Adtis
1169 963 1223 996 SS.
1241 965 1329 1013 Sept.
1345 962 1387 1000 ad
1403 962 1492 1000 diem
1506 975 1535 999 2.
1565 973 1649 999 tom.
1663 965 1689 1000 1.
1713 973 1745 999 et
1765 961 1865 1006 add.
1885 975 1928 1002 n,

305 1011 446 1046 Oc‘lobr.
469 1020 550 1050 tom.
567 1015 608 1048 V.
626 1013 701 1049 Ost.
720 1010 760 1048 de
776 1014 808 1050 S.
825 1013 950 1049 Iuliana
967 1017 1105 1063 virgine.
1129 1015 1228 1050 Harl.

200 1094 345 1131 Iulianae
360 1105 391 1132 et
406 1096 517 1140 Pauli,
545 1095 762 1134 Ptolemaide.
813 1095 1020 1147 Αὐρηλιοινός
1038 1100 1052 1137 ἑ
1067 1098 1226 1143 βασιλεύ
1232 1118 1248 1140 ς
1262 1095 1388 1148 δέγμοο,
1399 1100 1512 1139 ἔθετο.
1565 1100 1693 1136 Audlor
1708 1098 1929 1148 Metaphrasse

299 1150 477 1197 antiquior.
529 1151 604 1185 MS.
620 1152 656 1185 in
673 1149 788 1186 codiee
801 1154 884 1187 noni
898 1148 1037 1193 saeculi,
1066 1152 1144 1188 teste
1160 1152 1336 1190 Bandurio.
1392 1155 1505 1190 Latine
1521 1151 1607 1201 apud
1623 1153 1757 1188 Surium
1780 1163 1823 1196 η.
1841 1153 1928 1199 Aug.

199 1231 240 1268 In
256 1233 423 1270 lulianum
438 1244 631 1280 martyrem.
693 1239 730 1273 Εἴ
750 1238 781 1274 ἐν
803 1236 849 1282 *rii
869 1237 919 1282 ’γῇ
940 1238 1125 1286 τοιαῦταί,
1164 1238 1212 1273 Ῑο.
1228 1236 1462 1284 chrysostomi
1485 1247 1568 1272 tom.
1586 1238 1628 1272 V.
1643 1234 1739 1274 Sauil.
1765 1248 1838 1285 pag.
1856 1236 1927 1269 621.

266 1315 268 1317 ,
303 1295 335 1320 et
351 1295 434 1321 tom.
451 1288 492 1322 11.
516 1285 592 1325 edit.
611 1299 721 1323 nouae
741 1300 773 1336 p.
788 1290 859 1330 671.
888 1290 990 1324 Fabr.
1030 1292 1067 1326 In
1085 1287 1160 1325 cod.
1174 1291 1301 1328 Bauar.
1318 1292 1434 1325 XXXI.
1462 1302 1491 1322 v.
1510 1289 1634 1324 Han-At.
1650 1288 1672 1323 l·
1688 1301 1715 1322 c.
1737 1293 1826 1329 1803·
1844 1297 1926 1334 part.

304 1347 338 1380 4.
360 1350 392 1386 p.
409 1347 462 1380 42.
488 1357 540 1364 —-
567 1341 600 1373 in
615 1339 693 1373 aistis
709 1339 763 1374 SS.
786 1341 887 1374 Mart.
910 1349 991 1375 tom.
1010 1341 1055 1374 Π.
1076 1353 1109 1390 p.
1124 1339 1278 1391 421jsqq,
1306 1360 1357 1368 —
1385 1339 1464 1376 ibid.
1480 1341 1567 1389 Sept.
1588 1350 1673 1377 tom.
1689 1341 1745 1374 lV.
1767 1337 1810 1374 ad
1827 1337 1859 1375 d·
1879 1346 1926 1372 12-

300 1387 343 1424 de
367 1388 518 1435 Iuliano,
544 1389 756 1438 presbytero,
784 1404 802 1426 e
821 1387 920 1426 fastis.
945 1393 1045 1428 Harl.

197 1472 319 1512 Iuliani
344 1477 497 1519 martyris
518 1483 550 1510 et
573 1473 730 1511 Bafiliffae
750 1485 781 1511 et
805 1475 982 1515 sociorum.
1034 1473 1165 1515 Ταῦτά
1183 1479 1232 1516 ε’ςι
1257 1473 1308 1516 τοὶ
1329 1474 1433 1519 πάθη
1455 1477 1522 1515 τῶν
1543 1472 1734 1527 μαρτύρων·
1788 1474 1925 1517 Austor,

302 1529 444 1575 qnisquis
461 1526 523 1566 est,
550 1539 712 1562 coaeuum
729 1526 759 1562 se
773 1528 957 1569 profitetur.
1009 1528 1095 1565 Vide
1110 1529 1269 1565 Allatium
1286 1527 1327 1565 de
1344 1529 1556 1564 Simeonibus
1574 1542 1605 1577 p.
1617 1540 1678 1563 110.
1707 1530 1823 1564 Latine
1838 1526 1928 1576 apud

299 1580 435 1613 Surium
451 1591 480 1622 9.
498 1579 629 1614 Ianuar.
644 1587 675 1613 et
688 1572 916 1626 plus‘dimidia
934 1589 1025 1628 parte
1040 1584 1202 1630 integrior
1224 1580 1380 1629 quidem,
1419 1593 1519 1630 quam
1545 1580 1679 1616 dederat
1700 1582 1926 1627 Lipomannus

299 1639 395 1665 tomo
411 1629 487 1665 VII.
514 1628 637 1666 mutilo
657 1629 727 1666 vsus·
750 1630 876 1667 codice.
903 1633 1004 1667 Fahr.
1057 1635 1096 1668 In
1120 1634 1194 1669 A&
1214 1633 1269 1668 SS.
1292 1634 1418 1668 lanuar.
1447 1643 1531 1668 tom.
1550 1634 1572 1666 1.
1603 1645 1636 1680 p.
1656 1643 1732 1676 570.
1750 1629 1820 1679 sqq.
1847 1644 1925 1666 cum

297 1691 479 1717 comment.
498 1684 652 1730 notisque
669 1681 841 1719 Bollandi:
867 1681 946 1720 ibid.
965 1697 998 1732 p.
1013 1690 1085 1728 587.
1108 1683 1172 1734 seq.
1200 1681 1397 1720 eorumdem
1411 1693 1600 1731 martyrum
1619 1686 1701 1727 vita,
1732 1684 1868 1719 audiore
1890 1681 1922 1716 S.

294 1732 478 1769 Althelmo.
505 1734 604 1769 Harl.

195 1807 351 1858 milliarii,
379 1810 538 1845 monaehi
555 1813 638 1846 circa
653 1809 804 1847 Edess'am
815 1838 825 1853 ,
854 1815 937 1848 vitae
952 1809 1196 1862 fragmentum,
1223 1813 1359 1848 audlore
1374 1812 1540 1860 Ephraem
1555 1811 1664 1859 Syro,
1695 1809 1749 1846 lat.
1765 1811 1922 1859 interpre-

298 1871 330 1896 te
349 1862 498 1897 Germ-du
518 1862 641 1908 Voffi'o,
669 1862 758 1911 apud
773 1863 905 1899 Surium
922 1863 957 1899 d.
973 1877 1003 1909 9.
1026 1867 1094 1900 lun.
1122 1877 1198 1914 pag.
1217 1875 1284 1909 ¹75·
1308 1883 1358 1891 --
1391 1863 1479 1898 idem
1495 1876 1570 1899 cum
1589 1873 1771 1898 comment.
1787 1871 1819 1897 et
1832 1864 1921 1897 notis

293 1914 519 1958 Papehrochii,
545 1916 581 1948 in
600 1915 685 1949 Actis
703 1916 757 1951 SS.
781 1917 852 1951 Iun.
871 1926 953 1950 tom.
969 1917 1007 1951 11.
1024 1929 1054 1965 p.
1070 1926 1133 1959 175.
1153 1914 1221 1965 sqq.
1253 1935 1300 1941 —
1329 1913 1421 1956 Alia,
1449 1913 1595 1950 eiusdem
1614 1924 1669 1948 aut
1690 1913 1842 1955 alterius,
1869 1927 1920 1962 gr.

296 1973 329 1999 et
343 1965 397 2000 lat.
417 1964 493 1999 ibid·
514 1979 545 2013 p.
564 1972 632 2006 178.
651 1965 695 2015 sq.
749 1965 853 2002 Conf.
870 1965 981 2014 supra,
1005 1968 1073 2004 vol.
1089 1968 1181 2003 Vlll.
1208 1980 1239 2015 p.
1257 1978 1327 2009 241.
1344 1967 1399 2001 fin.
1429 1986 1480 1994 -
1531 1967 1583 2002 De
1602 1965 1752 2014 pluribus
1771 1964 1842 2001 aliis
1865 1966 1921 2000 Iu·
1995 1991 2007 1995 -

295 2017 391 2051 lianis
411 2019 444 2051 in
468 2017 556 2051 Actis
572 2018 625 2052 SS.
643 2032 672 2052 v.
691 2018 782 2054 catal.
801 2019 877 2056 bibl.
893 2020 1016 2058 Bunau,
1034 2019 1056 2055 l.
1072 2030 1100 2054 c.
1121 2031 1155 2067 p.
1173 2025 1244 2062 832.
1259 2016 1305 2067 sq.
1331 2019 1431 2054 Harl.

192 2098 347 2149 [miani.
375 2102 515 2143 medici,
543 2106 698 2149 martyris
714 2102 847 2139 Emesae
864 2108 896 2140 in
914 2099 1108 2145 Phoenicia,
1137 2105 1227 2146 adia.
1254 2116 1296 2139 ex
1315 2105 1465 2140 Menaeis
1482 2103 1707 2147 Graecorum,
1734 2113 1811 2139 cum
1826 2113 1916 2137 corn-

291 2164 393 2188 ment.
409 2156 456 2190 Io.
475 2155 645 2196 Bollandi,
673 2157 707 2190 in
722 2155 796 2191 Αέὶ.
819 2157 875 2191 SS.
901 2156 991 2191 Febr.
1013 2156 1139 2192 tom.1.
1163 2169 1196 2205 p.
1215 2162 1291 2198 778.
1325 2175 1376 2181 —
1427 2155 1549 2189 Iuliani
1571 2154 1690 2199 Sabae,
1717 2153 1770 2190 vel
1791 2152 1916 2189 sabbae

291 2206 366 2239 vita.
393 2218 420 2242 v.
439 2206 579 2240 Lambec.
597 2207 690 2242 VIll.
707 2220 739 2254 p.
753 2209 826 2251 673.
853 2208 968 2255 Har-I]
1773 2210 1780 2215 ⁸

186 2279 341 2328 {Iulianh
369 2282 553 2328 Pamphili,
580 2282 726 2319 Valentis
743 2293 775 2320 et
789 2282 959 2320 sociorum
974 2286 1192 2332 martyrium,
1221 2285 1295 2320 MS.
1317 2284 1461 2319 Lamhec.
1477 2282 1570 2317 VIII.
1592 2293 1626 2329 p.
1642 2286 1707 2321 181.
1723 2279 1792 2331 sqq.
1816 2293 1846 2320 v,
1863 2284 1914 2317 in.

289 2329 339 2367 fra
358 2333 530 2379 Pamphili.
557 2335 672 2377 Harl]
1299 2344 1301 2347 ⁴
1600 2352 1602 2354 ,

1760 2383 1908 2430 nuliam,
