2023 2656
199 161 262 195 394
313 142 587 186 maneam.
632 181 635 184 ,
759 141 926 180 vuasto
955 138 1067 178 ANT.
1097 138 1216 177 rimu
1241 140 1409 178 moeri
1594 132 1924 188 vei-vntmufflg

202 239 337 279 aliunde
361 243 397 276 in
425 250 487 276 nos
511 233 662 274 veniunt]
711 237 748 274 si
771 236 858 280 hoc,
907 247 1018 286 neque
1050 245 1124 269 eam
1158 246 1242 284 quae
1272 244 1402 285 praeter
1433 232 1629 285 dIgnitatem
1664 232 1925 272 distributionem

203 303 385 332 euentuurn
411 288 622 328 causabimus.

369 394 471 441 XLV.¹
519 393 554 428 Si
569 403 650 441 ergo
665 401 736 428 non
750 387 795 426 est
811 386 852 429 τό
868 391 904 427 in
917 388 1036 432 nobis,
1061 402 1133 426 non
1146 398 1280 438 oportet
1301 400 1456 438 quaerere
1476 385 1655 438 quomodo
1675 397 1802 436 praeter
1823 385 1931 436 digni-

204 456 308 484 tatem
330 445 413 481 boni
427 441 563 494 quidam
584 442 905 490 afinibus‘peccant‚
939 441 1018 476 mali
1046 451 1157 476 autem
1178 441 1340 476 obtinent.
1407 437 1472 475 Sed
1495 449 1571 475 ente
1595 452 1636 475 eo
1661 438 1754 488 quod
1770 441 1805 474 in
1821 439 1930 480 nobis,

207 508 239 535 et
256 495 469 534 Prouidentia
486 497 638 531 omnium
654 494 841 535 obtinente,
865 502 897 528 et
917 492 974 528 tibi
988 490 1187 528 adducentes
1203 490 1446 541 persuafionem
1464 490 1538 540 post
1558 490 1751 526 violentiam
1772 488 1930 526 dicemus.

207 546 396 598 Qomodo
410 550 515 595 ergo?
535 557 607 581 non
621 547 712 580 enim
726 553 795 579 erat
809 539 853 582 ’ro'
874 547 911 580 in
928 543 1024 579 nobis
1043 556 1162 579 eorum
1184 555 1267 591 quae
1289 552 1398 584 extra,
1430 540 1627 582 dominans,
1662 539 1716 577 sed
1736 552 1933 589 cooperans·

207 602 320 650 Qare
333 601 454 635 merito
466 624 477 639 ‚
503 609 586 646 quae
603 594 737 646 quidem
758 598 864 637 intus,
890 593 1071 631 secundum
1083 593 1129 631 sui
1147 593 1248 643 ipsius
1265 592 1408 644 disponit
1421 595 1626 641 potentiam,
1653 605 1738 641 quae
1749 601 1860 627 autern
1874 604 1931 628 ex·

206 663 274 692 tra,
300 662 373 686 non
387 647 514 690 adhuc,
539 646 690 695 indigens
705 655 737 682 et
750 646 821 682 aliis
835 644 876 681 ad
892 645 1032 682 illorum
1048 644 1314 695 dispositionem,
1340 658 1411 680 non
1427 648 1462 679 in
1477 643 1547 693 ipso
1567 644 1763 680 iacentibus-⁷
1808 644 1851 679 Et
1866 654 1931 693 ego

207 700 306 738 valde
320 700 425 737 laetor
435 697 477 734 ad
493 698 572 735 tales
587 697 824 739 dubitationes,
852 696 964 733 videns
984 697 1183 747 generosum
1198 695 1433 737 aduentitium‚
1462 697 1517 743 qui
1531 693 1625 744 saepe
1639 694 1738 730 iubeo
1759 706 1830 730 non
1851 707 1932 730 con·

210 751 351 790 sundere
371 764 454 801 quae
468 754 505 786 in
518 750 616 786 nobis
630 762 706 784 cum
723 751 761 784 iis
776 760 860 797 quae
875 761 946 784 non
965 752 999 783 in
1022 749 1140 783 nobis:
1164 761 1272 796 neque
1286 746 1331 783 fic
1341 749 1461 783 habere
1478 745 1519 781 de
1534 749 1572 781 iis
1586 760 1669 794 quae
1685 758 1756 780 non
1772 748 1806 781 in
1822 746 1930 786 nobis,

209 814 368 861 tanquam
382 801 448 851 ipsa
464 802 537 837 fieri
552 803 713 842 omnino,
741 810 776 835 vt
786 812 857 834 non
871 809 902 835 et
916 797 1001 836 fatsta
1016 798 1192 834 difficulter
1206 797 1358 834 feramus.
1410 800 1509 833 Nunc
1529 809 1638 832 autem
1655 807 1811 846 tanquam
1837 805 1868 831 et
1895 796 1932 832 il-

208 856 251 894 lis
264 853 386 903 ‘assequi
412 852 472 901 [if]
498 855 555 893 iis,
583 854 716 900 quaein
733 851 846 892 nobis,
873 850 1082 890 debentibus,
1110 849 1270 885 dubitatio
1293 846 1411 885 accidit
1433 861 1501 884 non
1522 847 1632 889 saetis,
1666 857 1698 883 et
1720 847 1931 896 supponenti-
1967 854 1971 859 “

210 908 271 942 bus
288 906 383 940 nobis
401 914 435 939 vt
451 904 536 938 bona
550 915 632 951 quae
646 914 716 936 non
731 902 836 943 bona,
863 911 895 936 et
911 901 983 936 fieri
999 903 1236 948 quaerentibus.
1294 899 1417 936 Melius
1438 909 1547 935 autem
1570 908 1655 941 erat,
1692 912 1776 949 quae
1798 896 1933 948 quidem

211 960 248 993 in
264 956 359 992 nobis
378 964 470 990 enter
491 956 576 988 entia
593 963 625 987 et
645 964 801 1000 quaerere
819 948 947 999 semper
961 962 992 986 et
1007 954 1175 1000 acquirere
1192 951 1252 986 fibi
1272 951 1367 999 ipfis,
1399 964 1483 1000 quae
1509 960 1618 986 autem
1640 960 1729 985 extra
1753 959 1783 985 et
1806 962 1875 984 non
1901 952 1935 984 in

211 1009 330 1048 nobis,
360 1007 544 1053 relinquere
560 1001 753 1038 facientibus
769 1012 924 1051 tanquam
936 1000 1086 1039 dominis
1106 1012 1137 1037 et
1151 1001 1322 1037 scientibus
1337 1015 1420 1050 quae
1435 1000 1568 1037 faciunt.
1623 999 1674 1035 Ad
1692 1004 1803 1036 omnia
1825 1009 1936 1036 autem

212 1072 298 1109 quae
316 1060 349 1092 in
364 1058 478 1098 nobis,
503 1062 711 1104 praeparatos
729 1052 792 1089 ess'e
805 1065 865 1100 per
878 1067 914 1088 ea
934 1066 1016 1102 quae
1033 1057 1065 1088 in
1085 1054 1193 1089 nobis.
1256 1051 1319 1089 Sed
1343 1053 1481 1101 qualiter
1505 1050 1641 1101 quidem
1662 1053 1777 1088 haheat
1797 1052 1935 1087 dubium

212 1109 255 1146 ad
271 1108 305 1144 id
320 1107 412 1158 quod
428 1111 460 1142 in
477 1107 592 1147 nobis,
620 1104 820 1140 ostendimus
834 1105 890 1139 tibi
904 1118 964 1152 per
983 1104 1066 1140 talia.
1125 1103 1179 1140 Ad
1200 1102 1386 1140 sermonem
1408 1114 1516 1139 autem
1535 1103 1576 1139 de
1597 1102 1809 1138 Prouidentia
1831 1106 1934 1151 magis

212 1165 327 1250 {tique
344 1159 469 1245 aliqsuid
486 1157 586 1199 dicis,
612 1155 694 1193 fieut
706 1155 861 1193 diximus.
912 1157 954 1192 Et
973 1153 1058 1192 dieta
1073 1154 1147 1192 sunt
1168 1156 1273 1194 multa
1293 1155 1333 1191 ab
1355 1158 1495 1205 antiquis
1517 1166 1602 1206 quos
1623 1153 1692 1191 dixi
1712 1158 1809 1199 viris,
1835 1163 1867 1190 et
1889 1153 1936 1190 fic

231 1212 350 1249 oluunt
366 1214 399 1260 ip
415 1222 485 1247 um.

382 1316 498 1352 XLVI.
549 1309 693 1350 Rursum
707 1315 808 1363 igitur
829 1316 975 1363 quaeris,
1008 1310 1088 1362 quid
1114 1310 1155 1352 oro*
1175 1316 1211 1348 in
1229 1310 1349 1348 nobis?
1382 1309 1474 1359 quod
1498 1313 1532 1346 in
1557 1312 1723 1358 principio
1744 1306 1935 1344 sermonum

217 1368 392 1418 oportebat
408 1377 572 1416 quaerere.
631 1364 762 1401 Deinde
781 1362 822 1400 ad
845 1363 950 1413 ipsum
970 1363 1131 1402 dubitans.
1199 1366 1365 1413 Qaerens
1387 1372 1494 1397 autem
1517 1361 1633 1397 definis
1654 1362 1720 1396 hoc
1741 1357 1821 1402 esse,
1843 1356 1937 1408 quod

215 1420 343 1455 anullo
373 1417 569 1466 potestatum
590 1428 698 1466 neque
723 1416 912 1457 obtentum,
949 1413 1005 1451 sed
1024 1423 1056 1449 et
1076 1414 1178 1451 verbo
1202 1414 1312 1450 dicens
1336 1413 1400 1453 sic,
1441 1413 1794 1463 αὖτοπεςὶγςειπτον,
1833 1410 1870 1447 id
1892 1408 1943 1445 est*

216 1470 324 1520 ipsum
345 1466 647 1515 circumscriptum,
675 1477 708 1502 et
730 1467 997 1516 αὖτενέξγητον,
1022 1465 1058 1501 id
1072 1466 1117 1501 est
1135 1464 1241 1514 ipsum
1259 1467 1476 1515 operatiuuin.
1530 1466 1561 1499 Si
1587 1473 1694 1499 autem
1713 1464 1798 1504 hoc,
1833 1471 1866 1497 et
1889 1464 1936 1496 in-

217 1520 431 1570 corruptibile
447 1522 607 1561 omnino.,
633 1527 667 1554 et
681 1517 942 1568 potentissimum
953 1546 965 1562 ‚.
991 1527 1023 1553 et
1036 1515 1097 1554 soli
1113 1520 1225 1566 primo
1251 1525 1441 1565 competens
1461 1512 1600 1564 praesidi
1626 1515 1779 1550 omnium
1800 1517 1935 1556 entium,

160 1617 165 1622 1
218 1573 316 1608 nobis
331 1580 439 1606 autem
455 1568 496 1609 τό
512 1574 547 1604 in
562 1571 657 1605 nobis
670 1582 739 1608 non
751 1568 859 1604 adhuc
876 1573 1091 1605 conueniens.
1141 1571 1245 1605 Hunc
1260 1571 1369 1617 itaque
1385 1570 1563 1603 terminum
1580 1567 1683 1615 longe
1697 1567 1737 1601 ab
1751 1565 1938 1614 intelligen·
1986 1576 1989 1577 ⁷

219 1628 264 1660 tia
281 1627 349 1658 eius
365 1620 455 1671 quod
472 1624 504 1655 in
519 1622 626 1662 nobis,
655 1634 755 1671 quam
770 1621 923 1656 habentes
935 1624 1058 1670 antiqui
1072 1621 1139 1657 hoc
1152 1622 1303 1655 humanis
1318 1619 1485 1655 animabus
1500 1618 1726 1659 attribuerunt,
1754 1630 1818 1666 ego
1832 1628 1937 1665 pono.

220 1673 406 1712 Considera
420 1682 528 1708 autem
543 1682 575 1706 et
599 1681 631 1706 tu
655 1672 740 1722 ipse,
767 1683 865 1720 quain
883 1685 956 1708 vera
980 1672 1068 1707 dico.
1128 1672 1264 1720 Vbique*
1281 1670 1322 1710 τὸ
1345 1674 1381 1705 in
1401 1671 1499 1705 nobis
1519 1668 1560 1705 ad
1583 1669 1836 1705 insinuationem
1857 1665 1950 1703 affuae

220 1735 317 1762 munt
333 1727 533 1774 operationis
547 1723 741 1764 electionis,
768 1735 833 1757 nos
845 1721 998 1758 facientes
1015 1722 1172 1758 dominos
1186 1723 1354 1760 elefflonis
1370 1730 1400 1756 et
1420 1720 1516 1769 fugae
1528 1747 1538 1763 ‚
1572 1731 1603 1754 et
1621 1730 1654 1755 vt
1675 1720 1809 1756 alieuius
1831 1718 1938 1755 bono-

219 1791 294 1815 rum
310 1787 364 1812 aut
381 1779 633 1812 contrariorum.
686 1778 778 1810 Sicut
795 1777 882 1809 enim
906 1774 995 1810 idem
1016 1773 1129 1809 dicunt
1150 1773 1347 1810 eletfiionem
1373 1784 1406 1810 et
1430 1772 1649 1811 voluntatem,
1684 1770 1737 1806 sed
1758 1772 1842 1806 hanc
1865 1774 1940 1819 qui-·

221 1829 298 1864 dem
323 1825 387 1863 effe
405 1827 483 1863 boni
505 1825 630 1867 solum,
658 1827 859 1864 elec‘iionem
874 1836 983 1861 autem
999 1826 1232 1875 bonorumque
1248 1825 1395 1861 {imiliter
1416 1835 1446 1859 et
1469 1836 1539 1859 non
1561 1825 1748 1864 bonorum,
1774 1822 1854 1858 ficut
1876 1823 1937 1858 vti-

221 1893 285 1929 que
300 1876 440 1922 δόκησιν,
464 1876 498 1912 id
523 1877 568 1912 est
588 1875 864 1926 exspecstationem
881 1881 928 1919 Π)
961 1889 1030 1912 non
1054 1878 1238 1913 bonorum:
1272 1886 1410 1925 propter
1431 1874 1523 1925 quod
1545 1886 1578 1910 et
1597 1875 1850 1911 characterizare
1869 1876 1955 1909 ani-·

219 1944 312 1968 mam
326 1931 526 1965 electionem
544 1927 692 1964 similiter
707 1929 1004 1967 entemamborum
1020 1938 1052 1962 et
1073 1932 1263 1978 competere
1282 1926 1411 1963 mediae
1429 1937 1561 1963 naturae
1582 1930 1634 1969 ei,
1669 1934 1750 1975 quae
1775 1923 1816 1960 ad
1838 1925 1957 1960 ambe*

219 1985 366 2019 vertitur.
420 1983 460 2016 Et
479 1983 545 2015 hoc
561 1983 658 2015 etiam
676 1982 862 2020 communis
878 1977 966 2014 fama
981 1980 1118 2015 testatur.
1184 1980 1373 2015 Ele-&iones
1398 1982 1485 2014 enim
1508 1981 1629 2014 horum
1652 1976 1843 2018 laudamus,
1878 1978 1956 2011 ho-·

220 2048 295 2072 rum
312 2042 420 2075 autem
440 2035 670 2079 vituperamus,
689 2068 691 2070 ,
723 2031 855 2066 Malum
872 2039 980 2066 aurem
998 2032 1151 2067 omnibus
1174 2031 1350 2066 inuolitum
1368 2030 1520 2071 dicimus,
1547 2040 1579 2064 et
1596 2029 1719 2064 malum
1735 2027 1864 2064 videtur
1879 2028 1937 2062 bo·
1954 2040 1957 2041 ⁷

221 2099 303 2121 num
320 2083 382 2120 esse
404 2083 599 2132 eligentibus
623 2081 745 2130 ipsum,
774 2085 885 2123 anima
898 2085 986 2119 enim
1003 2082 1090 2118 nulla
1106 2081 1312 2131 cognoscens
1326 2082 1449 2117 malurn
1473 2082 1609 2129 eligeret
1629 2084 1739 2129 vtique
1766 2078 1817 2115 sed
1845 2076 1958 2127 fuge.-·

220 2149 279 2174 ret.
333 2139 467 2182 Propter
482 2137 703 2182 ignorantiam
718 2144 825 2168 autem
841 2132 945 2168 studet
959 2136 1043 2168 circa
1055 2133 1175 2180 ipsum:
1201 2143 1332 2170 acutum
1348 2132 1484 2184 quidem
1501 2145 1651 2170 amorem
1669 2134 1747 2170 boni
1761 2129 1941 2169 secundum

222 2198 372 2225 naturam
388 2187 526 2227 habens,
549 2186 669 2223 alicubi
683 2194 793 2232 autem
811 2184 1080 2237 bonurn-videtur
1100 2189 1277 2235 impotens:

1805 2245 1939 2283 XLVII.

264 2355 318 2397 rr>
341 2356 531 2388 Cautionem,
