<?xml version="1.0" encoding="UTF-8"?>
<!DOCTYPE html PUBLIC "-//W3C//DTD XHTML 1.0 Transitional//EN"
    "http://www.w3.org/TR/xhtml1/DTD/xhtml1-transitional.dtd">
<html xmlns="http://www.w3.org/1999/xhtml" xml:lang="en" lang="en">
 <head>
  <title>
</title>
<meta http-equiv="Content-Type" content="text/html;charset=utf-8" />
  <meta name='ocr-system' content='tesseract 3.04.00' />
  <meta name='ocr-capabilities' content='ocr_page ocr_carea ocr_par ocr_line ocrx_word'/>
</head>
<body>
  <div class='ocr_page' id='page_1' title='image "./bibliothecagraec09fabruoft_1235.png"; bbox 0 0 2023 2656; ppageno 0'>
   <div class='ocr_carea' id='block_1_1' title="bbox 35 179 1130 247">
    <p class='ocr_par' dir='ltr' id='par_1_1' title="bbox 35 179 1130 247">
     <span class='ocr_line' id='line_1_1' title="bbox 35 179 1130 247; baseline 0.004 -14"><span class='ocrx_word' id='word_1_1' title='bbox 35 199 157 226; x_wconf 67' lang='lat' dir='ltr'>mix.</span> <span class='ocrx_word' id='word_1_2' title='bbox 173 208 190 234; x_wconf 70' lang='lat' dir='ltr'>P</span> <span class='ocrx_word' id='word_1_3' title='bbox 208 205 270 247; x_wconf 26' lang='lat'>2³2.</span> <span class='ocrx_word' id='word_1_4' title='bbox 565 199 860 245; x_wconf 60' lang='lat' dir='ltr'>‘rimonons</span> <span class='ocrx_word' id='word_1_5' title='bbox 887 179 1130 237; x_wconf 72' lang='lat' dir='ltr'>s‘rvniTES.</span> 
     </span>
    </p>
   </div>
   <div class='ocr_carea' id='block_1_2' title="bbox 1348 200 1766 250">
    <p class='ocr_par' dir='ltr' id='par_1_2' title="bbox 1348 200 1766 250">
     <span class='ocr_line' id='line_1_2' title="bbox 1348 200 1766 250; baseline 0.007 -13"><span class='ocrx_word' id='word_1_6' title='bbox 1348 200 1420 241; x_wconf 78' lang='lat' dir='ltr'>Lib.</span> <span class='ocrx_word' id='word_1_7' title='bbox 1435 201 1479 242; x_wconf 91' lang='lat' dir='ltr'>V.</span> <span class='ocrx_word' id='word_1_8' title='bbox 1493 215 1517 238; x_wconf 84' lang='lat' dir='ltr'>c.</span> <span class='ocrx_word' id='word_1_9' title='bbox 1527 202 1653 240; x_wconf 84' lang='lat' dir='ltr'>XXX.</span> <span class='ocrx_word' id='word_1_10' title='bbox 1705 215 1766 250; x_wconf 77' lang='lat'>435</span> 
     </span>
    </p>
   </div>
   <div class='ocr_carea' id='block_1_3' title="bbox 35 238 210 248">
    <p class='ocr_par' dir='ltr' id='par_1_3' title="bbox 35 238 210 248">
     <span class='ocr_line' id='line_1_3' title="bbox 35 238 210 248; baseline 0 0"><span class='ocrx_word' id='word_1_11' title='bbox 35 238 210 248; x_wconf 95' lang='lat' dir='ltr'> </span> 
     </span>
    </p>
   </div>
   <div class='ocr_carea' id='block_1_4' title="bbox 31 289 1764 1159">
    <p class='ocr_par' dir='ltr' id='par_1_4' title="bbox 31 289 1764 1122">
     <span class='ocr_line' id='line_1_4' title="bbox 35 289 1761 347; baseline 0.002 -17"><span class='ocrx_word' id='word_1_12' title='bbox 35 297 103 330; x_wconf 84' lang='lat' dir='ltr'>vim</span> <span class='ocrx_word' id='word_1_13' title='bbox 121 298 154 331; x_wconf 85' lang='lat' dir='ltr'>in</span> <span class='ocrx_word' id='word_1_14' title='bbox 173 296 239 331; x_wconf 90' lang='lat' dir='ltr'>hoc</span> <span class='ocrx_word' id='word_1_15' title='bbox 256 290 481 343; x_wconf 82' lang='lat' dir='ltr'><strong>profundens,</strong></span> <span class='ocrx_word' id='word_1_16' title='bbox 509 308 570 331; x_wconf 87' lang='lat' dir='ltr'>nec</span> <span class='ocrx_word' id='word_1_17' title='bbox 585 294 756 338; x_wconf 62' lang='lat' dir='ltr'>dubitatur,</span> <span class='ocrx_word' id='word_1_18' title='bbox 783 308 845 344; x_wconf 88' lang='lat' dir='ltr'>pro</span> <span class='ocrx_word' id='word_1_19' title='bbox 864 295 927 331; x_wconf 86' lang='lat' dir='ltr'>hac</span> <span class='ocrx_word' id='word_1_20' title='bbox 949 293 1040 332; x_wconf 82' lang='lat' dir='ltr'>causa</span> <span class='ocrx_word' id='word_1_21' title='bbox 1056 307 1162 331; x_wconf 81' lang='lat' dir='ltr'>nouas</span> <span class='ocrx_word' id='word_1_22' title='bbox 1176 294 1279 331; x_wconf 81' lang='lat' dir='ltr'>exsilii</span> <span class='ocrx_word' id='word_1_23' title='bbox 1297 289 1376 332; x_wconf 83' lang='lat' dir='ltr'>varii</span> <span class='ocrx_word' id='word_1_24' title='bbox 1391 311 1429 332; x_wconf 87' lang='lat' dir='ltr'>ae</span> <span class='ocrx_word' id='word_1_25' title='bbox 1444 296 1630 347; x_wconf 78' lang='lat' dir='ltr'>longioris,</span> <span class='ocrx_word' id='word_1_26' title='bbox 1657 313 1761 336; x_wconf 83' lang='lat' dir='ltr'>carce.</span> 
     </span>
     <span class='ocr_line' id='line_1_5' title="bbox 35 346 1759 396; baseline 0.003 -13"><span class='ocrx_word' id='word_1_27' title='bbox 35 350 144 396; x_wconf 81' lang='lat' dir='ltr'>risque</span> <span class='ocrx_word' id='word_1_28' title='bbox 161 346 319 381; x_wconf 86' lang='lat' dir='ltr'>durissimi</span> <span class='ocrx_word' id='word_1_29' title='bbox 336 359 504 383; x_wconf 76' lang='lat' dir='ltr'>aerumnas</span> <span class='ocrx_word' id='word_1_30' title='bbox 518 360 577 396; x_wconf 88' lang='lat' dir='ltr'>per</span> <span class='ocrx_word' id='word_1_31' title='bbox 588 348 699 396; x_wconf 88' lang='lat' dir='ltr'>plures</span> <span class='ocrx_word' id='word_1_32' title='bbox 715 359 819 383; x_wconf 75' lang='lat' dir='ltr'>annos</span> <span class='ocrx_word' id='word_1_33' title='bbox 835 348 990 389; x_wconf 84' lang='lat' dir='ltr'>tolerare,</span> <span class='ocrx_word' id='word_1_34' title='bbox 1019 346 1128 383; x_wconf 84' lang='lat' dir='ltr'>donec</span> <span class='ocrx_word' id='word_1_35' title='bbox 1142 362 1159 383; x_wconf 89' lang='lat' dir='ltr'>a</span> <span class='ocrx_word' id='word_1_36' title='bbox 1182 348 1353 383; x_wconf 68' lang='lat' dir='ltr'>Michaele</span> <span class='ocrx_word' id='word_1_37' title='bbox 1372 347 1473 384; x_wconf 84' lang='lat' dir='ltr'>Balbo</span> <span class='ocrx_word' id='word_1_38' title='bbox 1495 350 1657 386; x_wconf 75' lang='lat' dir='ltr'>restitutus</span> <span class='ocrx_word' id='word_1_39' title='bbox 1675 351 1717 386; x_wconf 83' lang='lat' dir='ltr'>est</span> <span class='ocrx_word' id='word_1_40' title='bbox 1731 365 1759 388; x_wconf 79' lang='lat' dir='ltr'>a.</span> 
     </span>
     <span class='ocr_line' id='line_1_6' title="bbox 35 397 1761 447; baseline 0.003 -14"><span class='ocrx_word' id='word_1_41' title='bbox 35 405 106 438; x_wconf 79' lang='lat'>821.</span> <span class='ocrx_word' id='word_1_42' title='bbox 148 400 249 436; x_wconf 63' lang='lat' dir='ltr'>‘Hinc</span> <span class='ocrx_word' id='word_1_43' title='bbox 262 411 365 447; x_wconf 90' lang='lat' dir='ltr'>quum</span> <span class='ocrx_word' id='word_1_44' title='bbox 382 400 542 434; x_wconf 85' lang='lat' dir='ltr'>Thomae</span> <span class='ocrx_word' id='word_1_45' title='bbox 556 399 671 435; x_wconf 72' lang='lat' dir='ltr'>rebelli</span> <span class='ocrx_word' id='word_1_46' title='bbox 694 397 845 435; x_wconf 83' lang='lat' dir='ltr'>aduersus</span> <span class='ocrx_word' id='word_1_47' title='bbox 859 399 1061 435; x_wconf 63' lang='lat' dir='ltr'>Michaelem</span> <span class='ocrx_word' id='word_1_48' title='bbox 1080 397 1190 434; x_wconf 77' lang='lat' dir='ltr'>fauere</span> <span class='ocrx_word' id='word_1_49' title='bbox 1210 397 1291 434; x_wconf 84' lang='lat' dir='ltr'>visus</span> <span class='ocrx_word' id='word_1_50' title='bbox 1307 397 1399 441; x_wconf 71' lang='lat' dir='ltr'>ess‘et,</span> <span class='ocrx_word' id='word_1_51' title='bbox 1421 402 1498 437; x_wconf 85' lang='lat' dir='ltr'>vrbe</span> <span class='ocrx_word' id='word_1_52' title='bbox 1515 404 1632 437; x_wconf 85' lang='lat' dir='ltr'>iterum</span> <span class='ocrx_word' id='word_1_53' title='bbox 1651 414 1761 438; x_wconf 75' lang='lat' dir='ltr'>exces-</span> 
     </span>
     <span class='ocr_line' id='line_1_7' title="bbox 32 448 1759 499; baseline -0.001 -13"><span class='ocrx_word' id='word_1_54' title='bbox 32 449 72 486; x_wconf 79' lang='lat' dir='ltr'>sit</span> <span class='ocrx_word' id='word_1_55' title='bbox 91 464 118 486; x_wconf 85' lang='lat' dir='ltr'>a.</span> <span class='ocrx_word' id='word_1_56' title='bbox 133 456 205 493; x_wconf 84' lang='lat'>823.</span> <span class='ocrx_word' id='word_1_57' title='bbox 230 460 260 485; x_wconf 89' lang='lat' dir='ltr'>et</span> <span class='ocrx_word' id='word_1_58' title='bbox 283 453 316 484; x_wconf 87' lang='lat' dir='ltr'>in</span> <span class='ocrx_word' id='word_1_59' title='bbox 335 453 443 486; x_wconf 82' lang='lat' dir='ltr'>vicina</span> <span class='ocrx_word' id='word_1_60' title='bbox 464 453 591 486; x_wconf 85' lang='lat' dir='ltr'>Acritae</span> <span class='ocrx_word' id='word_1_61' title='bbox 610 453 847 499; x_wconf 83' lang='lat' dir='ltr'>promontorio</span> <span class='ocrx_word' id='word_1_62' title='bbox 868 448 1037 499; x_wconf 83' lang='lat' dir='ltr'>peninsula</span> <span class='ocrx_word' id='word_1_63' title='bbox 1053 453 1084 486; x_wconf 87' lang='lat' dir='ltr'>S.</span> <span class='ocrx_word' id='word_1_64' title='bbox 1105 451 1309 499; x_wconf 76' lang='lat' dir='ltr'>Tryphonis</span> <span class='ocrx_word' id='word_1_65' title='bbox 1324 452 1449 487; x_wconf 76' lang='lat' dir='ltr'>oblita.</span> <span class='ocrx_word' id='word_1_66' title='bbox 1464 454 1539 495; x_wconf 89' lang='lat'>826.</span> <span class='ocrx_word' id='word_1_67' title='bbox 1554 458 1591 497; x_wconf 72' lang='lat'>⁸)</span> <span class='ocrx_word' id='word_1_68' title='bbox 1619 456 1672 489; x_wconf 90' lang='lat' dir='ltr'>Xl.</span> <span class='ocrx_word' id='word_1_69' title='bbox 1689 457 1759 490; x_wconf 78' lang='lat' dir='ltr'>No.</span> 
     </span>
     <span class='ocr_line' id='line_1_8' title="bbox 31 499 1758 551; baseline 0.003 -15"><span class='ocrx_word' id='word_1_70' title='bbox 31 502 156 537; x_wconf 83' lang='lat' dir='ltr'>vembr.</span> <span class='ocrx_word' id='word_1_71' title='bbox 171 515 239 551; x_wconf 92' lang='lat' dir='ltr'>quo</span> <span class='ocrx_word' id='word_1_72' title='bbox 256 499 309 536; x_wconf 84' lang='lat' dir='ltr'>die</span> <span class='ocrx_word' id='word_1_73' title='bbox 329 504 443 538; x_wconf 85' lang='lat' dir='ltr'>Graeci</span> <span class='ocrx_word' id='word_1_74' title='bbox 459 506 658 538; x_wconf 82' lang='lat' dir='ltr'>memoriam</span> <span class='ocrx_word' id='word_1_75' title='bbox 675 505 741 537; x_wconf 72' lang='lat' dir='ltr'>eius</span> <span class='ocrx_word' id='word_1_76' title='bbox 757 503 932 538; x_wconf 84' lang='lat' dir='ltr'>celebrant.</span> <span class='ocrx_word' id='word_1_77' title='bbox 966 500 1191 538; x_wconf 80' lang='lat' dir='ltr'>Successorem</span> <span class='ocrx_word' id='word_1_78' title='bbox 1210 502 1323 537; x_wconf 79' lang='lat' dir='ltr'>habuit</span> <span class='ocrx_word' id='word_1_79' title='bbox 1340 505 1374 538; x_wconf 86' lang='lat' dir='ltr'>in</span> <span class='ocrx_word' id='word_1_80' title='bbox 1388 504 1510 539; x_wconf 81' lang='lat' dir='ltr'>abbatia</span> <span class='ocrx_word' id='word_1_81' title='bbox 1525 504 1647 548; x_wconf 77' lang='lat' dir='ltr'>studii,</span> <span class='ocrx_word' id='word_1_82' title='bbox 1668 507 1758 541; x_wconf 82' lang='lat' dir='ltr'>Nau-</span> 
     </span>
     <span class='ocr_line' id='line_1_9' title="bbox 32 551 1760 608; baseline 0.003 -20"><span class='ocrx_word' id='word_1_83' title='bbox 32 555 187 595; x_wconf 82' lang='lat' dir='ltr'>cratium,</span> <span class='ocrx_word' id='word_1_84' title='bbox 213 555 305 589; x_wconf 79' lang='lat' dir='ltr'>cuius</span> <span class='ocrx_word' id='word_1_85' title='bbox 323 553 459 602; x_wconf 62' lang='lat' dir='ltr'>epistola</span> <span class='ocrx_word' id='word_1_86' title='bbox 475 553 640 599; x_wconf 76' lang='lat' dir='ltr'>encyclica</span> <span class='ocrx_word' id='word_1_87' title='bbox 658 551 893 589; x_wconf 66' lang='lat' dir='ltr'>de&#39;Theodori</span> <span class='ocrx_word' id='word_1_88' title='bbox 914 554 1006 589; x_wconf 88' lang='lat' dir='ltr'>obitu</span> <span class='ocrx_word' id='word_1_89' title='bbox 1030 567 1147 604; x_wconf 83' lang='lat' dir='ltr'>graece</span> <span class='ocrx_word' id='word_1_90' title='bbox 1168 564 1199 589; x_wconf 89' lang='lat' dir='ltr'>ct</span> <span class='ocrx_word' id='word_1_91' title='bbox 1212 553 1312 589; x_wconf 86' lang='lat' dir='ltr'>latine</span> <span class='ocrx_word' id='word_1_92' title='bbox 1331 554 1367 599; x_wconf 76' lang='lat'>⁶)</span> <span class='ocrx_word' id='word_1_93' title='bbox 1393 555 1478 590; x_wconf 90' lang='lat' dir='ltr'>edita</span> <span class='ocrx_word' id='word_1_94' title='bbox 1492 555 1536 590; x_wconf 85' lang='lat' dir='ltr'>est</span> <span class='ocrx_word' id='word_1_95' title='bbox 1550 571 1567 591; x_wconf 87' lang='lat' dir='ltr'>a</span> <span class='ocrx_word' id='word_1_96' title='bbox 1582 557 1760 608; x_wconf 68' lang='lat' dir='ltr'>Combqfifio</span> 
     </span>
     <span class='ocr_line' id='line_1_10' title="bbox 33 603 1759 657; baseline 0 -16"><span class='ocrx_word' id='word_1_97' title='bbox 33 617 115 641; x_wconf 85' lang='lat' dir='ltr'>tom.</span> <span class='ocrx_word' id='word_1_98' title='bbox 134 608 158 640; x_wconf 86' lang='lat'>1.</span> <span class='ocrx_word' id='word_1_99' title='bbox 180 606 315 641; x_wconf 69' lang='lat' dir='ltr'>auctarii</span> <span class='ocrx_word' id='word_1_100' title='bbox 330 607 412 640; x_wconf 88' lang='lat' dir='ltr'>noui</span> <span class='ocrx_word' id='word_1_101' title='bbox 428 605 504 640; x_wconf 84' lang='lat' dir='ltr'>bibl.</span> <span class='ocrx_word' id='word_1_102' title='bbox 520 615 651 654; x_wconf 84' lang='lat' dir='ltr'>patrum</span> <span class='ocrx_word' id='word_1_103' title='bbox 664 618 698 655; x_wconf 86' lang='lat' dir='ltr'>p.</span> <span class='ocrx_word' id='word_1_104' title='bbox 717 610 882 650; x_wconf 81' lang='lat'><em>855-882,</em></span> <span class='ocrx_word' id='word_1_105' title='bbox 903 603 1020 640; x_wconf 84' lang='lat' dir='ltr'>additis</span> <span class='ocrx_word' id='word_1_106' title='bbox 1042 609 1141 640; x_wconf 86' lang='lat' dir='ltr'>etiam</span> <span class='ocrx_word' id='word_1_107' title='bbox 1159 608 1246 641; x_wconf 82' lang='lat' dir='ltr'>uotis</span> <span class='ocrx_word' id='word_1_108' title='bbox 1261 607 1309 651; x_wconf 73' lang='lat'>²⁷).</span> <span class='ocrx_word' id='word_1_109' title='bbox 1363 608 1494 642; x_wconf 76' lang='lat' dir='ltr'>Graecis</span> <span class='ocrx_word' id='word_1_110' title='bbox 1511 608 1579 646; x_wconf 74' lang='grc' dir='ltr'><em>νέος</em></span> <span class='ocrx_word' id='word_1_111' title='bbox 1594 608 1759 657; x_wconf 59' lang='grc' dir='ltr'>ὁμολογη-</span> 
     </span>
     <span class='ocr_line' id='line_1_11' title="bbox 33 653 1760 708; baseline 0.002 -14"><span class='ocrx_word' id='word_1_112' title='bbox 33 654 114 700; x_wconf 59' lang='lat' dir='ltr'>rtis.</span> <span class='ocrx_word' id='word_1_113' title='bbox 139 657 271 692; x_wconf 89' lang='lat' dir='ltr'>Labbeo</span> <span class='ocrx_word' id='word_1_114' title='bbox 286 665 415 705; x_wconf 83' lang='lat' dir='ltr'>praeter</span> <span class='ocrx_word' id='word_1_115' title='bbox 428 669 498 692; x_wconf 90' lang='lat' dir='ltr'>rem</span> <span class='ocrx_word' id='word_1_116' title='bbox 515 666 659 703; x_wconf 83' lang='lat' dir='ltr'>martyr:</span> <span class='ocrx_word' id='word_1_117' title='bbox 686 671 703 692; x_wconf 91' lang='lat' dir='ltr'>a</span> <span class='ocrx_word' id='word_1_118' title='bbox 720 658 943 705; x_wconf 84' lang='lat' dir='ltr'>Creyghtono</span> <span class='ocrx_word' id='word_1_119' title='bbox 957 657 991 701; x_wconf 73' lang='lat'>⁹)</span> <span class='ocrx_word' id='word_1_120' title='bbox 1019 657 1105 692; x_wconf 81' lang='lat' dir='ltr'>male</span> <span class='ocrx_word' id='word_1_121' title='bbox 1124 654 1222 693; x_wconf 83' lang='lat' dir='ltr'>etiam</span> <span class='ocrx_word' id='word_1_122' title='bbox 1240 670 1314 692; x_wconf 89' lang='lat' dir='ltr'>cum</span> <span class='ocrx_word' id='word_1_123' title='bbox 1330 653 1522 694; x_wconf 78' lang='lat' dir='ltr'>Theodoro</span> <span class='ocrx_word' id='word_1_124' title='bbox 1537 661 1663 708; x_wconf 79' lang='lat' dir='ltr'>Grapto</span> <span class='ocrx_word' id='word_1_125' title='bbox 1681 674 1760 697; x_wconf 88' lang='lat' dir='ltr'>con-</span> 
     </span>
     <span class='ocr_line' id='line_1_12' title="bbox 32 706 1761 759; baseline 0.003 -16"><span class='ocrx_word' id='word_1_126' title='bbox 32 706 194 744; x_wconf 70' lang='lat' dir='ltr'>funditur.</span> <span class='ocrx_word' id='word_1_127' title='bbox 245 710 293 743; x_wconf 86' lang='lat' dir='ltr'>Ex</span> <span class='ocrx_word' id='word_1_128' title='bbox 309 710 372 743; x_wconf 85' lang='lat' dir='ltr'>vita</span> <span class='ocrx_word' id='word_1_129' title='bbox 388 711 456 743; x_wconf 85' lang='lat' dir='ltr'>eius</span> <span class='ocrx_word' id='word_1_130' title='bbox 475 721 491 742; x_wconf 87' lang='lat' dir='ltr'>a</span> <span class='ocrx_word' id='word_1_131' title='bbox 508 710 649 744; x_wconf 73' lang='lat' dir='ltr'>Iohanne</span> <span class='ocrx_word' id='word_1_132' title='bbox 666 707 719 744; x_wconf 81' lang='lat' dir='ltr'>vel</span> <span class='ocrx_word' id='word_1_133' title='bbox 733 708 799 744; x_wconf 84' lang='lat' dir='ltr'>alio</span> <span class='ocrx_word' id='word_1_134' title='bbox 815 707 962 757; x_wconf 86' lang='lat' dir='ltr'>quodam</span> <span class='ocrx_word' id='word_1_135' title='bbox 977 722 1093 758; x_wconf 82' lang='lat' dir='ltr'>graece</span> <span class='ocrx_word' id='word_1_136' title='bbox 1109 708 1225 759; x_wconf 79' lang='lat' dir='ltr'>scripta</span> <span class='ocrx_word' id='word_1_137' title='bbox 1242 708 1354 744; x_wconf 86' lang='lat' dir='ltr'>locum</span> <span class='ocrx_word' id='word_1_138' title='bbox 1371 707 1479 746; x_wconf 78' lang='lat' dir='ltr'>adfert</span> <span class='ocrx_word' id='word_1_139' title='bbox 1493 710 1641 747; x_wconf 72' lang='lat' dir='ltr'>Allatms</span> <span class='ocrx_word' id='word_1_140' title='bbox 1656 710 1697 747; x_wconf 85' lang='lat' dir='ltr'>de</span> <span class='ocrx_word' id='word_1_141' title='bbox 1712 716 1761 748; x_wconf 87' lang='lat' dir='ltr'>in-</span> 
     </span>
     <span class='ocr_line' id='line_1_13' title="bbox 33 757 1762 812; baseline 0.003 -17"><span class='ocrx_word' id='word_1_142' title='bbox 33 758 172 796; x_wconf 75' lang='lat' dir='ltr'>terstitiis</span> <span class='ocrx_word' id='word_1_143' title='bbox 189 758 344 795; x_wconf 86' lang='lat' dir='ltr'>ordinum</span> <span class='ocrx_word' id='word_1_144' title='bbox 359 757 446 809; x_wconf 87' lang='lat' dir='ltr'>apud</span> <span class='ocrx_word' id='word_1_145' title='bbox 465 762 607 796; x_wconf 84' lang='lat' dir='ltr'>Graecos</span> <span class='ocrx_word' id='word_1_146' title='bbox 622 773 654 809; x_wconf 88' lang='lat' dir='ltr'>p.</span> <span class='ocrx_word' id='word_1_147' title='bbox 666 767 729 800; x_wconf 80' lang='lat'>181.</span> <span class='ocrx_word' id='word_1_148' title='bbox 747 771 779 796; x_wconf 86' lang='lat' dir='ltr'>et</span> <span class='ocrx_word' id='word_1_149' title='bbox 796 759 837 796; x_wconf 88' lang='lat' dir='ltr'>dc</span> <span class='ocrx_word' id='word_1_150' title='bbox 853 761 944 797; x_wconf 72' lang='lat' dir='ltr'>libris</span> <span class='ocrx_word' id='word_1_151' title='bbox 959 759 1069 796; x_wconf 86' lang='lat' dir='ltr'>eccles.</span> <span class='ocrx_word' id='word_1_152' title='bbox 1087 762 1243 800; x_wconf 80' lang='lat' dir='ltr'>Graecor,</span> <span class='ocrx_word' id='word_1_153' title='bbox 1261 773 1292 809; x_wconf 83' lang='lat' dir='ltr'>p.</span> <span class='ocrx_word' id='word_1_154' title='bbox 1312 766 1378 803; x_wconf 84' lang='lat'>138.</span> <span class='ocrx_word' id='word_1_155' title='bbox 1401 771 1497 812; x_wconf 84' lang='lat' dir='ltr'>atque</span> <span class='ocrx_word' id='word_1_156' title='bbox 1515 763 1602 798; x_wconf 87' lang='lat' dir='ltr'>alibi.</span> <span class='ocrx_word' id='word_1_157' title='bbox 1654 764 1762 800; x_wconf 84' lang='lat' dir='ltr'>Incer-</span> 
     </span>
     <span class='ocr_line' id='line_1_14' title="bbox 32 809 1762 864; baseline 0.003 -18"><span class='ocrx_word' id='word_1_158' title='bbox 32 822 104 846; x_wconf 90' lang='lat' dir='ltr'>tum</span> <span class='ocrx_word' id='word_1_159' title='bbox 119 821 214 848; x_wconf 83' lang='lat' dir='ltr'>vocat</span> <span class='ocrx_word' id='word_1_160' title='bbox 228 813 344 860; x_wconf 88' lang='lat' dir='ltr'>p.226.</span> <span class='ocrx_word' id='word_1_161' title='bbox 361 810 401 846; x_wconf 89' lang='lat' dir='ltr'>de</span> <span class='ocrx_word' id='word_1_162' title='bbox 417 809 584 848; x_wconf 86' lang='lat' dir='ltr'>consensu.</span> <span class='ocrx_word' id='word_1_163' title='bbox 638 816 684 864; x_wconf 52' lang='lat' dir='ltr'>E?</span> <span class='ocrx_word' id='word_1_164' title='bbox 703 811 770 861; x_wconf 81' lang='lat' dir='ltr'>ipsa</span> <span class='ocrx_word' id='word_1_165' title='bbox 785 825 887 860; x_wconf 86' lang='lat' dir='ltr'>porro</span> <span class='ocrx_word' id='word_1_166' title='bbox 905 811 962 855; x_wconf 80' lang='lat' dir='ltr'>est,</span> <span class='ocrx_word' id='word_1_167' title='bbox 989 825 1090 861; x_wconf 83' lang='lat' dir='ltr'>quam</span> <span class='ocrx_word' id='word_1_168' title='bbox 1107 812 1207 848; x_wconf 83' lang='lat' dir='ltr'>latine</span> <span class='ocrx_word' id='word_1_169' title='bbox 1223 811 1346 848; x_wconf 86' lang='lat' dir='ltr'>versam</span> <span class='ocrx_word' id='word_1_170' title='bbox 1362 827 1380 848; x_wconf 90' lang='lat' dir='ltr'>a</span> <span class='ocrx_word' id='word_1_171' title='bbox 1391 815 1632 850; x_wconf 60' lang='lat' dir='ltr'>lacsir-mondo</span> <span class='ocrx_word' id='word_1_172' title='bbox 1650 816 1762 851; x_wconf 78' lang='lat' dir='ltr'>habuit</span> 
     </span>
     <span class='ocr_line' id='line_1_15' title="bbox 33 861 1761 916; baseline 0.002 -17"><span class='ocrx_word' id='word_1_173' title='bbox 33 865 214 906; x_wconf 77' lang='lat' dir='ltr'>Bar-onius,</span> <span class='ocrx_word' id='word_1_174' title='bbox 235 874 272 898; x_wconf 80' lang='lat' dir='ltr'>ac</span> <span class='ocrx_word' id='word_1_175' title='bbox 292 861 449 912; x_wconf 86' lang='lat' dir='ltr'>pleraque</span> <span class='ocrx_word' id='word_1_176' title='bbox 470 875 511 899; x_wconf 89' lang='lat' dir='ltr'>ex</span> <span class='ocrx_word' id='word_1_177' title='bbox 532 862 647 899; x_wconf 83' lang='lat' dir='ltr'>eadem</span> <span class='ocrx_word' id='word_1_178' title='bbox 668 863 807 900; x_wconf 86' lang='lat' dir='ltr'>adduxit</span> <span class='ocrx_word' id='word_1_179' title='bbox 826 875 921 900; x_wconf 90' lang='lat' dir='ltr'>tomo</span> <span class='ocrx_word' id='word_1_180' title='bbox 945 877 1040 900; x_wconf 85' lang='lat' dir='ltr'>nono</span> <span class='ocrx_word' id='word_1_181' title='bbox 1062 864 1243 900; x_wconf 77' lang='lat' dir='ltr'>Annalium</span> <span class='ocrx_word' id='word_1_182' title='bbox 1264 863 1303 898; x_wconf 88' lang='lat' dir='ltr'>ab</span> <span class='ocrx_word' id='word_1_183' title='bbox 1324 877 1353 898; x_wconf 88' lang='lat' dir='ltr'>a.</span> <span class='ocrx_word' id='word_1_184' title='bbox 1375 866 1566 910; x_wconf 73' lang='lat'>795-826.:</span> <span class='ocrx_word' id='word_1_185' title='bbox 1596 869 1761 916; x_wconf 80' lang='lat' dir='ltr'>integram</span> 
     </span>
     <span class='ocr_line' id='line_1_16' title="bbox 33 913 1762 966; baseline 0.002 -16"><span class='ocrx_word' id='word_1_186' title='bbox 33 927 112 950; x_wconf 83' lang='lat' dir='ltr'>vero</span> <span class='ocrx_word' id='word_1_187' title='bbox 127 927 242 963; x_wconf 88' lang='lat' dir='ltr'>graece</span> <span class='ocrx_word' id='word_1_188' title='bbox 266 924 297 950; x_wconf 91' lang='lat' dir='ltr'>et</span> <span class='ocrx_word' id='word_1_189' title='bbox 311 914 410 950; x_wconf 87' lang='lat' dir='ltr'>latine</span> <span class='ocrx_word' id='word_1_190' title='bbox 425 928 465 950; x_wconf 90' lang='lat' dir='ltr'>ex</span> <span class='ocrx_word' id='word_1_191' title='bbox 485 914 602 951; x_wconf 88' lang='lat' dir='ltr'>codice</span> <span class='ocrx_word' id='word_1_192' title='bbox 624 915 700 952; x_wconf 88' lang='lat' dir='ltr'>bibl.</span> <span class='ocrx_word' id='word_1_193' title='bbox 724 915 859 966; x_wconf 85' lang='lat' dir='ltr'>collegii</span> <span class='ocrx_word' id='word_1_194' title='bbox 882 914 1073 952; x_wconf 85' lang='lat' dir='ltr'>Iesuitarum</span> <span class='ocrx_word' id='word_1_195' title='bbox 1090 913 1182 951; x_wconf 75' lang='lat' dir='ltr'>Paris.</span> <span class='ocrx_word' id='word_1_196' title='bbox 1200 914 1256 952; x_wconf 88' lang='lat' dir='ltr'>sub</span> <span class='ocrx_word' id='word_1_197' title='bbox 1273 917 1608 953; x_wconf 63' lang='lat' dir='ltr'>Michamiemonachi</span> <span class='ocrx_word' id='word_1_198' title='bbox 1624 920 1762 954; x_wconf 84' lang='lat' dir='ltr'>nomine</span> 
     </span>
     <span class='ocr_line' id='line_1_17' title="bbox 33 965 1760 1019; baseline 0.001 -18"><span class='ocrx_word' id='word_1_199' title='bbox 33 965 136 1002; x_wconf 86' lang='lat' dir='ltr'>edidit</span> <span class='ocrx_word' id='word_1_200' title='bbox 153 965 283 1002; x_wconf 79' lang='lat' dir='ltr'>Iacobus</span> <span class='ocrx_word' id='word_1_201' title='bbox 299 967 336 1001; x_wconf 80' lang='lat' dir='ltr'>de</span> <span class='ocrx_word' id='word_1_202' title='bbox 349 967 381 1002; x_wconf 75' lang='lat' dir='ltr'>Ia</span> <span class='ocrx_word' id='word_1_203' title='bbox 396 967 510 1002; x_wconf 77' lang='lat' dir='ltr'>Baune</span> <span class='ocrx_word' id='word_1_204' title='bbox 525 969 554 1002; x_wconf 89' lang='lat' dir='ltr'>S.</span> <span class='ocrx_word' id='word_1_205' title='bbox 575 970 599 1006; x_wconf 83' lang='lat'>1,</span> <span class='ocrx_word' id='word_1_206' title='bbox 618 970 653 1003; x_wconf 87' lang='lat' dir='ltr'>in</span> <span class='ocrx_word' id='word_1_207' title='bbox 671 978 767 1003; x_wconf 86' lang='lat' dir='ltr'>tomo</span> <span class='ocrx_word' id='word_1_208' title='bbox 781 971 900 1017; x_wconf 86' lang='lat' dir='ltr'>quinto</span> <span class='ocrx_word' id='word_1_209' title='bbox 922 980 1063 1016; x_wconf 81' lang='lat' dir='ltr'>operum</span> <span class='ocrx_word' id='word_1_210' title='bbox 1079 967 1247 1003; x_wconf 79' lang='lat' dir='ltr'>sirmondi</span> <span class='ocrx_word' id='word_1_211' title='bbox 1263 965 1356 1003; x_wconf 84' lang='lat' dir='ltr'>Paris.</span> <span class='ocrx_word' id='word_1_212' title='bbox 1375 969 1468 1014; x_wconf 83' lang='lat'>1696.</span> <span class='ocrx_word' id='word_1_213' title='bbox 1484 966 1546 1004; x_wconf 87' lang='lat' dir='ltr'>fol.</span> <span class='ocrx_word' id='word_1_214' title='bbox 1564 982 1639 1019; x_wconf 84' lang='lat' dir='ltr'>pag.</span> <span class='ocrx_word' id='word_1_215' title='bbox 1658 975 1760 1009; x_wconf 86' lang='lat'>1—88.</span> 
     </span>
     <span class='ocr_line' id='line_1_18' title="bbox 32 1015 1764 1068; baseline 0.002 -16"><span class='ocrx_word' id='word_1_216' title='bbox 32 1017 181 1061; x_wconf 67' lang='lat' dir='ltr'>testatus,</span> <span class='ocrx_word' id='word_1_217' title='bbox 209 1021 242 1053; x_wconf 86' lang='lat' dir='ltr'>in</span> <span class='ocrx_word' id='word_1_218' title='bbox 265 1016 331 1052; x_wconf 82' lang='lat' dir='ltr'>alio</span> <span class='ocrx_word' id='word_1_219' title='bbox 353 1015 470 1053; x_wconf 80' lang='lat' dir='ltr'>codice</span> <span class='ocrx_word' id='word_1_220' title='bbox 490 1019 526 1063; x_wconf 72' lang='lat'>&#39;)</span> <span class='ocrx_word' id='word_1_221' title='bbox 558 1019 721 1054; x_wconf 72' lang='lat' dir='ltr'>Theodoro</span> <span class='ocrx_word' id='word_1_222' title='bbox 743 1020 984 1068; x_wconf 83' lang='lat' dir='ltr'>Daphnopatae</span> <span class='ocrx_word' id='word_1_223' title='bbox 1008 1020 1115 1054; x_wconf 86' lang='lat' dir='ltr'>tribui.</span> <span class='ocrx_word' id='word_1_224' title='bbox 1168 1018 1265 1054; x_wconf 86' lang='lat' dir='ltr'>Idem</span> <span class='ocrx_word' id='word_1_225' title='bbox 1290 1022 1340 1054; x_wconf 90' lang='lat' dir='ltr'>vir</span> <span class='ocrx_word' id='word_1_226' title='bbox 1361 1017 1566 1055; x_wconf 68' lang='lat' dir='ltr'>dofflssimus</span> <span class='ocrx_word' id='word_1_227' title='bbox 1588 1032 1705 1056; x_wconf 88' lang='lat' dir='ltr'>monet</span> <span class='ocrx_word' id='word_1_228' title='bbox 1722 1020 1764 1056; x_wconf 84' lang='lat' dir='ltr'>de</span> 
     </span>
     <span class='ocr_line' id='line_1_19' title="bbox 33 1068 1762 1122; baseline 0.001 -16"><span class='ocrx_word' id='word_1_229' title='bbox 33 1068 213 1107; x_wconf 76' lang='lat' dir='ltr'>Theodori</span> <span class='ocrx_word' id='word_1_230' title='bbox 227 1069 322 1111; x_wconf 78' lang='lat' dir='ltr'>rebus</span> <span class='ocrx_word' id='word_1_231' title='bbox 335 1079 502 1120; x_wconf 81' lang='lat' dir='ltr'>praeterea</span> <span class='ocrx_word' id='word_1_232' title='bbox 525 1073 559 1107; x_wconf 83' lang='lat' dir='ltr'>in</span> <span class='ocrx_word' id='word_1_233' title='bbox 566 1071 768 1108; x_wconf 65' lang='lat' dir='ltr'>Sanctorum</span> <span class='ocrx_word' id='word_1_234' title='bbox 782 1069 1110 1117; x_wconf 43' lang='lat' dir='ltr'>adhieonsulendam</span> <span class='ocrx_word' id='word_1_235' title='bbox 1125 1073 1226 1107; x_wconf 85' lang='lat' dir='ltr'>vitam</span> <span class='ocrx_word' id='word_1_236' title='bbox 1239 1073 1271 1107; x_wconf 92' lang='lat' dir='ltr'>S.</span> <span class='ocrx_word' id='word_1_237' title='bbox 1279 1071 1434 1108; x_wconf 80' lang='lat' dir='ltr'>Platonis</span> <span class='ocrx_word' id='word_1_238' title='bbox 1448 1082 1482 1116; x_wconf 80' lang='lat'>4.</span> <span class='ocrx_word' id='word_1_239' title='bbox 1497 1073 1602 1122; x_wconf 82' lang='lat' dir='ltr'>April.</span> <span class='ocrx_word' id='word_1_240' title='bbox 1619 1073 1652 1109; x_wconf 90' lang='lat' dir='ltr'>S.</span> <span class='ocrx_word' id='word_1_241' title='bbox 1666 1073 1762 1109; x_wconf 83' lang='lat' dir='ltr'>Nico·</span> 
     </span>
    </p>

    <p class='ocr_par' dir='ltr' id='par_1_5' title="bbox 112 1123 1764 1159">
     <span class='ocr_line' id='line_1_20' title="bbox 112 1123 1764 1159; baseline 0.001 -2"><span class='ocrx_word' id='word_1_242' title='bbox 112 1124 116 1127; x_wconf 83' lang='lat'>&#39;</span> <span class='ocrx_word' id='word_1_243' title='bbox 737 1140 741 1144; x_wconf 82' lang='grc'><em>·</em></span> <span class='ocrx_word' id='word_1_244' title='bbox 1002 1123 1018 1159; x_wconf 93' lang='lat'>1</span> <span class='ocrx_word' id='word_1_245' title='bbox 1032 1125 1061 1158; x_wconf 87' lang='lat' dir='ltr'>ii</span> <span class='ocrx_word' id='word_1_246' title='bbox 1089 1134 1107 1157; x_wconf 89' lang='lat'>2</span> <span class='ocrx_word' id='word_1_247' title='bbox 1718 1124 1764 1159; x_wconf 76' lang='lat' dir='ltr'>lai</span> 
     </span>
    </p>
   </div>
   <div class='ocr_carea' id='block_1_5' title="bbox 75 1255 876 1298">
    <p class='ocr_par' dir='ltr' id='par_1_6' title="bbox 75 1255 876 1298">
     <span class='ocr_line' id='line_1_21' title="bbox 75 1255 876 1298; baseline 0.002 -11"><span class='ocrx_word' id='word_1_248' title='bbox 75 1261 118 1296; x_wconf 72' lang='grc' dir='ltr'>η)</span> <span class='ocrx_word' id='word_1_249' title='bbox 138 1255 218 1288; x_wconf 80' lang='lat' dir='ltr'>Vide</span> <span class='ocrx_word' id='word_1_250' title='bbox 239 1257 376 1298; x_wconf 80' lang='lat' dir='ltr'>Pagium</span> <span class='ocrx_word' id='word_1_251' title='bbox 402 1255 440 1287; x_wconf 85' lang='lat' dir='ltr'>ad</span> <span class='ocrx_word' id='word_1_252' title='bbox 461 1266 487 1287; x_wconf 76' lang='lat' dir='ltr'>a.</span> <span class='ocrx_word' id='word_1_253' title='bbox 513 1263 578 1291; x_wconf 71' lang='lat'>⁸26.</span> <span class='ocrx_word' id='word_1_254' title='bbox 593 1269 624 1288; x_wconf 80' lang='lat' dir='ltr'>n.</span> <span class='ocrx_word' id='word_1_255' title='bbox 639 1267 683 1296; x_wconf 75' lang='lat'>¹7.</span> <span class='ocrx_word' id='word_1_256' title='bbox 705 1265 734 1288; x_wconf 81' lang='lat' dir='ltr'>et</span> <span class='ocrx_word' id='word_1_257' title='bbox 747 1265 821 1289; x_wconf 67' lang='lat' dir='ltr'>torn.</span> <span class='ocrx_word' id='word_1_258' title='bbox 836 1260 876 1289; x_wconf 79' lang='lat' dir='ltr'>V.</span> 
     </span>
    </p>
   </div>
   <div class='ocr_carea' id='block_1_6' title="bbox 33 1300 877 1386">
    <p class='ocr_par' dir='ltr' id='par_1_7' title="bbox 33 1300 877 1386">
     <span class='ocr_line' id='line_1_22' title="bbox 33 1300 877 1343; baseline 0.001 -13"><span class='ocrx_word' id='word_1_259' title='bbox 33 1301 118 1343; x_wconf 78' lang='lat' dir='ltr'>Opp.</span> <span class='ocrx_word' id='word_1_260' title='bbox 143 1300 298 1331; x_wconf 81' lang='lat' dir='ltr'>Sirmondi</span> <span class='ocrx_word' id='word_1_261' title='bbox 319 1312 349 1343; x_wconf 78' lang='lat' dir='ltr'>p.</span> <span class='ocrx_word' id='word_1_262' title='bbox 365 1306 407 1334; x_wconf 75' lang='lat'>88.</span> <span class='ocrx_word' id='word_1_263' title='bbox 423 1300 494 1332; x_wconf 79' lang='lat' dir='ltr'>Nic.</span> <span class='ocrx_word' id='word_1_264' title='bbox 517 1301 701 1332; x_wconf 76' lang='lat' dir='ltr'>Comnenum</span> <span class='ocrx_word' id='word_1_265' title='bbox 723 1304 877 1334; x_wconf 80' lang='lat' dir='ltr'>Praeuott.</span> 
     </span>
     <span class='ocr_line' id='line_1_23' title="bbox 33 1345 284 1386; baseline 0 -12"><span class='ocrx_word' id='word_1_266' title='bbox 33 1345 153 1383; x_wconf 74' lang='lat' dir='ltr'>mystag.</span> <span class='ocrx_word' id='word_1_267' title='bbox 177 1355 207 1386; x_wconf 89' lang='lat' dir='ltr'>p.</span> <span class='ocrx_word' id='word_1_268' title='bbox 223 1349 284 1381; x_wconf 78' lang='lat'>361.</span> 
     </span>
    </p>
   </div>
   <div class='ocr_carea' id='block_1_7' title="bbox 35 1429 877 1515">
    <p class='ocr_par' dir='ltr' id='par_1_8' title="bbox 35 1429 877 1515">
     <span class='ocr_line' id='line_1_24' title="bbox 79 1429 877 1473; baseline 0 -12"><span class='ocrx_word' id='word_1_269' title='bbox 79 1433 117 1467; x_wconf 87' lang='grc' dir='ltr'>ο)</span> <span class='ocrx_word' id='word_1_270' title='bbox 141 1429 246 1461; x_wconf 81' lang='lat' dir='ltr'>Latine</span> <span class='ocrx_word' id='word_1_271' title='bbox 267 1430 357 1460; x_wconf 82' lang='lat' dir='ltr'>exstat</span> <span class='ocrx_word' id='word_1_272' title='bbox 379 1430 470 1459; x_wconf 83' lang='lat' dir='ltr'>etiam</span> <span class='ocrx_word' id='word_1_273' title='bbox 491 1430 523 1459; x_wconf 82' lang='lat' dir='ltr'>in</span> <span class='ocrx_word' id='word_1_274' title='bbox 546 1429 734 1461; x_wconf 84' lang='lat' dir='ltr'>bibliotheca</span> <span class='ocrx_word' id='word_1_275' title='bbox 759 1436 877 1473; x_wconf 75' lang='lat' dir='ltr'>patrum</span> 
     </span>
     <span class='ocr_line' id='line_1_25' title="bbox 35 1471 534 1515; baseline 0.002 -13"><span class='ocrx_word' id='word_1_276' title='bbox 35 1471 107 1505; x_wconf 81' lang='lat' dir='ltr'>edit.</span> <span class='ocrx_word' id='word_1_277' title='bbox 118 1472 212 1511; x_wconf 79' lang='lat' dir='ltr'>Lugd.</span> <span class='ocrx_word' id='word_1_278' title='bbox 231 1481 303 1503; x_wconf 88' lang='lat' dir='ltr'>tom.</span> <span class='ocrx_word' id='word_1_279' title='bbox 320 1475 400 1504; x_wconf 85' lang='lat' dir='ltr'>XIV.</span> <span class='ocrx_word' id='word_1_280' title='bbox 415 1484 446 1515; x_wconf 83' lang='lat' dir='ltr'>p.</span> <span class='ocrx_word' id='word_1_281' title='bbox 466 1481 534 1510; x_wconf 82' lang='lat'>905.</span> 
     </span>
    </p>
   </div>
   <div class='ocr_carea' id='block_1_8' title="bbox 37 1556 885 2026">
    <p class='ocr_par' dir='ltr' id='par_1_9' title="bbox 37 1556 885 2026">
     <span class='ocr_line' id='line_1_26' title="bbox 77 1556 879 1601; baseline -0.005 -11"><span class='ocrx_word' id='word_1_282' title='bbox 77 1559 116 1601; x_wconf 83' lang='lat' dir='ltr'>p)</span> <span class='ocrx_word' id='word_1_283' title='bbox 138 1561 240 1590; x_wconf 83' lang='lat' dir='ltr'>Frater</span> <span class='ocrx_word' id='word_1_284' title='bbox 257 1559 332 1595; x_wconf 86' lang='lat' dir='ltr'>eius,</span> <span class='ocrx_word' id='word_1_285' title='bbox 350 1556 504 1598; x_wconf 75' lang='lat' dir='ltr'>Iostphus,</span> <span class='ocrx_word' id='word_1_286' title='bbox 520 1557 766 1600; x_wconf 75' lang='lat' dir='ltr'>archiepiscopus</span> <span class='ocrx_word' id='word_1_287' title='bbox 779 1557 879 1589; x_wconf 69' lang='lat' dir='ltr'>Thes.</span> 
     </span>
     <span class='ocr_line' id='line_1_27' title="bbox 37 1600 879 1634; baseline -0.005 0"><span class='ocrx_word' id='word_1_288' title='bbox 37 1601 131 1634; x_wconf 81' lang='lat' dir='ltr'>salon.</span> <span class='ocrx_word' id='word_1_289' title='bbox 156 1604 240 1632; x_wconf 80' lang='lat' dir='ltr'>cuius</span> <span class='ocrx_word' id='word_1_290' title='bbox 265 1603 365 1631; x_wconf 81' lang='lat' dir='ltr'>oratio</span> <span class='ocrx_word' id='word_1_291' title='bbox 382 1603 414 1630; x_wconf 90' lang='lat' dir='ltr'>in</span> <span class='ocrx_word' id='word_1_292' title='bbox 438 1600 652 1632; x_wconf 74' lang='lat' dir='ltr'>exaltationem</span> <span class='ocrx_word' id='word_1_293' title='bbox 677 1603 702 1631; x_wconf 90' lang='lat' dir='ltr'>S.</span> <span class='ocrx_word' id='word_1_294' title='bbox 719 1603 816 1631; x_wconf 71' lang='lat' dir='ltr'>crucis</span> <span class='ocrx_word' id='word_1_295' title='bbox 831 1611 879 1631; x_wconf 80' lang='lat' dir='ltr'>ex-</span> 
     </span>
     <span class='ocr_line' id='line_1_28' title="bbox 38 1643 881 1685; baseline -0.005 -8"><span class='ocrx_word' id='word_1_296' title='bbox 38 1647 91 1677; x_wconf 76' lang='lat' dir='ltr'>stat</span> <span class='ocrx_word' id='word_1_297' title='bbox 111 1644 161 1675; x_wconf 82' lang='lat' dir='ltr'>lat.</span> <span class='ocrx_word' id='word_1_298' title='bbox 181 1652 256 1675; x_wconf 86' lang='lat' dir='ltr'>tom.</span> <span class='ocrx_word' id='word_1_299' title='bbox 284 1647 364 1676; x_wconf 82' lang='lat' dir='ltr'>XIV.</span> <span class='ocrx_word' id='word_1_300' title='bbox 386 1643 459 1674; x_wconf 89' lang='lat' dir='ltr'>bibl.</span> <span class='ocrx_word' id='word_1_301' title='bbox 481 1646 532 1674; x_wconf 69' lang='lat' dir='ltr'>Pe.</span> <span class='ocrx_word' id='word_1_302' title='bbox 550 1643 597 1673; x_wconf 89' lang='lat' dir='ltr'>ed.</span> <span class='ocrx_word' id='word_1_303' title='bbox 613 1644 709 1682; x_wconf 80' lang='lat' dir='ltr'>Lugd.</span> <span class='ocrx_word' id='word_1_304' title='bbox 724 1655 752 1685; x_wconf 84' lang='lat' dir='ltr'>p.</span> <span class='ocrx_word' id='word_1_305' title='bbox 768 1654 834 1681; x_wconf 85' lang='lat'><strong>90¹·</strong></span> <span class='ocrx_word' id='word_1_306' title='bbox 852 1651 881 1673; x_wconf 80' lang='lat' dir='ltr'>et</span> 
     </span>
     <span class='ocr_line' id='line_1_29' title="bbox 37 1686 882 1730; baseline -0.005 -10"><span class='ocrx_word' id='word_1_307' title='bbox 37 1698 113 1720; x_wconf 80' lang='lat' dir='ltr'>tom.</span> <span class='ocrx_word' id='word_1_308' title='bbox 129 1690 180 1720; x_wconf 87' lang='lat' dir='ltr'>IX.</span> <span class='ocrx_word' id='word_1_309' title='bbox 204 1687 314 1718; x_wconf 87' lang='lat' dir='ltr'>Colon.</span> <span class='ocrx_word' id='word_1_310' title='bbox 329 1696 419 1729; x_wconf 84' lang='lat' dir='ltr'>atque</span> <span class='ocrx_word' id='word_1_311' title='bbox 437 1689 469 1716; x_wconf 89' lang='lat' dir='ltr'>in</span> <span class='ocrx_word' id='word_1_312' title='bbox 483 1686 648 1730; x_wconf 80' lang='lat' dir='ltr'>Combefisii</span> <span class='ocrx_word' id='word_1_313' title='bbox 669 1688 743 1718; x_wconf 87' lang='lat' dir='ltr'>bibl.</span> <span class='ocrx_word' id='word_1_314' title='bbox 760 1688 882 1717; x_wconf 89' lang='lat' dir='ltr'>concio-</span> 
     </span>
     <span class='ocr_line' id='line_1_30' title="bbox 38 1728 883 1772; baseline -0.006 -9"><span class='ocrx_word' id='word_1_315' title='bbox 38 1740 98 1763; x_wconf 66' lang='grc' dir='ltr'>ω.</span> <span class='ocrx_word' id='word_1_316' title='bbox 123 1741 167 1769; x_wconf 75' lang='lat' dir='ltr'>gr.</span> <span class='ocrx_word' id='word_1_317' title='bbox 188 1739 217 1760; x_wconf 80' lang='lat' dir='ltr'>et</span> <span class='ocrx_word' id='word_1_318' title='bbox 239 1730 292 1761; x_wconf 87' lang='lat' dir='ltr'>lat.</span> <span class='ocrx_word' id='word_1_319' title='bbox 314 1740 363 1772; x_wconf 83' lang='lat' dir='ltr'>ap.</span> <span class='ocrx_word' id='word_1_320' title='bbox 381 1728 655 1771; x_wconf 17' lang='lat' dir='ltr'>Gretserumrtom.</span> <span class='ocrx_word' id='word_1_321' title='bbox 676 1732 712 1761; x_wconf 80' lang='lat'>11.</span> <span class='ocrx_word' id='word_1_322' title='bbox 734 1729 770 1759; x_wconf 86' lang='lat' dir='ltr'>de</span> <span class='ocrx_word' id='word_1_323' title='bbox 786 1733 883 1761; x_wconf 87' lang='lat' dir='ltr'>Cruee</span> 
     </span>
     <span class='ocr_line' id='line_1_31' title="bbox 39 1769 882 1818; baseline -0.004 -13"><span class='ocrx_word' id='word_1_324' title='bbox 39 1786 70 1818; x_wconf 76' lang='lat' dir='ltr'>p.</span> <span class='ocrx_word' id='word_1_325' title='bbox 88 1779 146 1806; x_wconf 75' lang='lat'>116.</span> <span class='ocrx_word' id='word_1_326' title='bbox 165 1783 252 1804; x_wconf 82' lang='lat'>1200.</span> <span class='ocrx_word' id='word_1_327' title='bbox 269 1775 394 1815; x_wconf 81' lang='lat' dir='ltr'>incipit:</span> <span class='ocrx_word' id='word_1_328' title='bbox 415 1774 527 1814; x_wconf 60' lang='lat' dir='ltr'>Stangl?</span> <span class='ocrx_word' id='word_1_329' title='bbox 546 1769 685 1813; x_wconf 64' lang='lat' dir='ltr'>orfo&#39;xnroq</span> <span class='ocrx_word' id='word_1_330' title='bbox 701 1772 812 1814; x_wconf 54' lang='grc' dir='ltr'>σήμερον</span> <span class='ocrx_word' id='word_1_331' title='bbox 828 1774 882 1812; x_wconf 66' lang='grc' dir='ltr'>ἔορ-</span> 
     </span>
     <span class='ocr_line' id='line_1_32' title="bbox 40 1815 883 1858; baseline 0 -12"><span class='ocrx_word' id='word_1_332' title='bbox 40 1815 85 1850; x_wconf 67' lang='grc' dir='ltr'>τί.</span> <span class='ocrx_word' id='word_1_333' title='bbox 130 1815 261 1858; x_wconf 73' lang='lat' dir='ltr'>Epistola</span> <span class='ocrx_word' id='word_1_334' title='bbox 274 1815 312 1846; x_wconf 81' lang='lat' dir='ltr'>ad</span> <span class='ocrx_word' id='word_1_335' title='bbox 336 1817 507 1846; x_wconf 82' lang='lat' dir='ltr'>Simeonem</span> <span class='ocrx_word' id='word_1_336' title='bbox 523 1818 704 1847; x_wconf 85' lang='lat' dir='ltr'>monachum</span> <span class='ocrx_word' id='word_1_337' title='bbox 722 1816 802 1858; x_wconf 79' lang='lat' dir='ltr'>apud</span> <span class='ocrx_word' id='word_1_338' title='bbox 817 1816 883 1847; x_wconf 86' lang='lat' dir='ltr'>Ba-</span> 
     </span>
     <span class='ocr_line' id='line_1_33' title="bbox 39 1857 884 1895; baseline -0.006 -2"><span class='ocrx_word' id='word_1_339' title='bbox 39 1871 106 1893; x_wconf 72' lang='lat' dir='ltr'>ron.</span> <span class='ocrx_word' id='word_1_340' title='bbox 129 1860 167 1890; x_wconf 83' lang='lat' dir='ltr'>ad</span> <span class='ocrx_word' id='word_1_341' title='bbox 188 1869 215 1889; x_wconf 87' lang='lat' dir='ltr'>a.</span> <span class='ocrx_word' id='word_1_342' title='bbox 232 1864 359 1892; x_wconf 77' lang='lat' dir='ltr'>808.1ir.</span> <span class='ocrx_word' id='word_1_343' title='bbox 377 1865 416 1892; x_wconf 80' lang='lat'>18.</span> <span class='ocrx_word' id='word_1_344' title='bbox 440 1857 552 1895; x_wconf 87' lang='lat' dir='ltr'>latine,</span> <span class='ocrx_word' id='word_1_345' title='bbox 574 1868 604 1889; x_wconf 90' lang='lat' dir='ltr'>et</span> <span class='ocrx_word' id='word_1_346' title='bbox 624 1861 704 1889; x_wconf 85' lang='lat' dir='ltr'>inter</span> <span class='ocrx_word' id='word_1_347' title='bbox 717 1858 884 1890; x_wconf 82' lang='lat' dir='ltr'>Theodori</span> 
     </span>
     <span class='ocr_line' id='line_1_34' title="bbox 41 1896 885 1943; baseline -0.006 -8"><span class='ocrx_word' id='word_1_348' title='bbox 41 1903 174 1935; x_wconf 87' lang='lat' dir='ltr'>Studitae</span> <span class='ocrx_word' id='word_1_349' title='bbox 203 1912 271 1943; x_wconf 80' lang='lat' dir='ltr'>epp.</span> <span class='ocrx_word' id='word_1_350' title='bbox 293 1903 317 1932; x_wconf 89' lang='lat'>1.</span> <span class='ocrx_word' id='word_1_351' title='bbox 335 1911 377 1938; x_wconf 80' lang='lat'>23.</span> <span class='ocrx_word' id='word_1_352' title='bbox 401 1912 445 1939; x_wconf 82' lang='lat' dir='ltr'>gr.</span> <span class='ocrx_word' id='word_1_353' title='bbox 461 1909 490 1932; x_wconf 88' lang='lat' dir='ltr'>et</span> <span class='ocrx_word' id='word_1_354' title='bbox 503 1902 554 1934; x_wconf 77' lang='lat' dir='ltr'>lat.</span> <span class='ocrx_word' id='word_1_355' title='bbox 571 1902 696 1943; x_wconf 79' lang='lat' dir='ltr'>incipit:</span> <span class='ocrx_word' id='word_1_356' title='bbox 727 1899 785 1931; x_wconf 63' lang='grc' dir='ltr'><strong><em>εἶδέν</em></strong></span> <span class='ocrx_word' id='word_1_357' title='bbox 798 1896 830 1931; x_wconf 65' lang='grc' dir='ltr'>ὗν</span> <span class='ocrx_word' id='word_1_358' title='bbox 845 1899 885 1930; x_wconf 64' lang='grc' dir='ltr'>δε·</span> 
     </span>
     <span class='ocr_line' id='line_1_35' title="bbox 41 1943 885 1986; baseline -0.001 -9"><span class='ocrx_word' id='word_1_359' title='bbox 41 1945 171 1982; x_wconf 60' lang='grc' dir='ltr'>ἒῆλωκαε.</span> <span class='ocrx_word' id='word_1_360' title='bbox 215 1943 316 1976; x_wconf 79' lang='lat' dir='ltr'>[ambi</span> <span class='ocrx_word' id='word_1_361' title='bbox 332 1946 364 1976; x_wconf 70' lang='lat' dir='ltr'>in</span> <span class='ocrx_word' id='word_1_362' title='bbox 377 1944 597 1982; x_wconf 80' lang='lat' dir='ltr'>iconomachos,</span> <span class='ocrx_word' id='word_1_363' title='bbox 619 1955 750 1986; x_wconf 79' lang='lat' dir='ltr'>quorum</span> <span class='ocrx_word' id='word_1_364' title='bbox 759 1944 885 1976; x_wconf 85' lang='lat' dir='ltr'>Theod.</span> 
     </span>
     <span class='ocr_line' id='line_1_36' title="bbox 42 1987 885 2026; baseline -0.004 -5"><span class='ocrx_word' id='word_1_365' title='bbox 42 1994 83 2022; x_wconf 85' lang='lat'>11.</span> <span class='ocrx_word' id='word_1_366' title='bbox 105 2000 144 2026; x_wconf 78' lang='lat'>31.</span> <span class='ocrx_word' id='word_1_367' title='bbox 166 1990 322 2025; x_wconf 81' lang='lat' dir='ltr'>meminit,</span> <span class='ocrx_word' id='word_1_368' title='bbox 352 1990 383 2017; x_wconf 87' lang='lat' dir='ltr'>ni</span> <span class='ocrx_word' id='word_1_369' title='bbox 406 1987 516 2024; x_wconf 84' lang='lat' dir='ltr'>fallor,</span> <span class='ocrx_word' id='word_1_370' title='bbox 545 1991 737 2019; x_wconf 85' lang='lat' dir='ltr'>interierunt.</span> <span class='ocrx_word' id='word_1_371' title='bbox 761 1990 831 2019; x_wconf 75' lang='lat' dir='ltr'>Eius</span> <span class='ocrx_word' id='word_1_372' title='bbox 852 1990 885 2018; x_wconf 87' lang='lat' dir='ltr'>in</span> 
     </span>
    </p>
   </div>
   <div class='ocr_carea' id='block_1_9' title="bbox 41 2030 889 2107">
    <p class='ocr_par' dir='ltr' id='par_1_10' title="bbox 41 2030 889 2107">
     <span class='ocr_line' id='line_1_37' title="bbox 41 2030 889 2106; baseline -0.002 -43"><span class='ocrx_word' id='word_1_373' title='bbox 41 2033 267 2106; x_wconf 44' lang='lat' dir='ltr'>{33Lazarum</span> <span class='ocrx_word' id='word_1_374' title='bbox 281 2041 310 2062; x_wconf 81' lang='lat' dir='ltr'>et</span> <span class='ocrx_word' id='word_1_375' title='bbox 323 2033 354 2061; x_wconf 81' lang='lat' dir='ltr'>in</span> <span class='ocrx_word' id='word_1_376' title='bbox 377 2031 494 2075; x_wconf 78' lang='lat' dir='ltr'>Festum</span> <span class='ocrx_word' id='word_1_377' title='bbox 509 2031 696 2064; x_wconf 79' lang='lat' dir='ltr'>Palmarum</span> <span class='ocrx_word' id='word_1_378' title='bbox 718 2031 825 2062; x_wconf 75' lang='lat' dir='ltr'>habuit</span> <span class='ocrx_word' id='word_1_379' title='bbox 838 2030 889 2062; x_wconf 81' lang='lat' dir='ltr'>Al-</span> 
     </span>
     <span class='ocr_line' id='line_1_38' title="bbox 56 2084 142 2107; baseline -0.012 0"><span class='ocrx_word' id='word_1_380' title='bbox 56 2084 142 2107; x_wconf 80' lang='lat' dir='ltr'>amn.</span> 
     </span>
    </p>
   </div>
   <div class='ocr_carea' id='block_1_10' title="bbox 0 2159 889 2249">
    <p class='ocr_par' dir='ltr' id='par_1_11' title="bbox 0 2159 889 2249">
     <span class='ocr_line' id='line_1_39' title="bbox 0 2159 889 2203; baseline 0.001 -13"><span class='ocrx_word' id='word_1_381' title='bbox 0 2183 1 2196; x_wconf 22' lang='grc' dir='ltr'>ἢ</span> <span class='ocrx_word' id='word_1_382' title='bbox 86 2165 129 2203; x_wconf 81' lang='lat' dir='ltr'>q)</span> <span class='ocrx_word' id='word_1_383' title='bbox 173 2159 251 2191; x_wconf 80' lang='lat' dir='ltr'>Vide</span> <span class='ocrx_word' id='word_1_384' title='bbox 289 2159 444 2192; x_wconf 73' lang='lat' dir='ltr'>Allatu&#39;um</span> <span class='ocrx_word' id='word_1_385' title='bbox 481 2159 624 2192; x_wconf 70' lang='lat' dir='ltr'>aduersu·</span> <span class='ocrx_word' id='word_1_386' title='bbox 661 2161 889 2200; x_wconf 74' lang='lat' dir='ltr'>Creyglitonum</span> 
     </span>
     <span class='ocr_line' id='line_1_40' title="bbox 44 2213 212 2249; baseline 0 -14"><span class='ocrx_word' id='word_1_387' title='bbox 44 2215 114 2249; x_wconf 78' lang='lat' dir='ltr'>pag.</span> <span class='ocrx_word' id='word_1_388' title='bbox 139 2213 212 2244; x_wconf 79' lang='lat'>707.</span> 
     </span>
    </p>
   </div>
   <div class='ocr_carea' id='block_1_11' title="bbox 47 2285 891 2505">
    <p class='ocr_par' dir='ltr' id='par_1_12' title="bbox 47 2285 891 2505">
     <span class='ocr_line' id='line_1_41' title="bbox 89 2285 891 2331; baseline -0.007 -8"><span class='ocrx_word' id='word_1_389' title='bbox 89 2293 132 2331; x_wconf 87' lang='lat' dir='ltr'>r)</span> <span class='ocrx_word' id='word_1_390' title='bbox 155 2292 201 2322; x_wconf 87' lang='lat' dir='ltr'>Sic</span> <span class='ocrx_word' id='word_1_391' title='bbox 226 2291 258 2320; x_wconf 81' lang='lat' dir='ltr'>in</span> <span class='ocrx_word' id='word_1_392' title='bbox 281 2289 440 2320; x_wconf 78' lang='lat' dir='ltr'>Vossiano:</span> <span class='ocrx_word' id='word_1_393' title='bbox 471 2287 524 2327; x_wconf 82' lang='lat' dir='ltr'>[v.</span> <span class='ocrx_word' id='word_1_394' title='bbox 541 2294 599 2319; x_wconf 79' lang='lat' dir='ltr'>cat.</span> <span class='ocrx_word' id='word_1_395' title='bbox 617 2287 692 2318; x_wconf 85' lang='lat' dir='ltr'>bibl.</span> <span class='ocrx_word' id='word_1_396' title='bbox 708 2285 845 2318; x_wconf 85' lang='lat' dir='ltr'>Leidens.</span> <span class='ocrx_word' id='word_1_397' title='bbox 861 2299 891 2330; x_wconf 78' lang='lat' dir='ltr'>p,</span> 
     </span>
     <span class='ocr_line' id='line_1_42' title="bbox 48 2330 891 2372; baseline -0.002 -8"><span class='ocrx_word' id='word_1_398' title='bbox 48 2341 109 2372; x_wconf 66' lang='lat'>39⁸.</span> <span class='ocrx_word' id='word_1_399' title='bbox 124 2345 170 2364; x_wconf 84' lang='lat' dir='ltr'>nr.</span> <span class='ocrx_word' id='word_1_400' title='bbox 189 2333 258 2372; x_wconf 83' lang='lat'>62.]</span> <span class='ocrx_word' id='word_1_401' title='bbox 281 2333 338 2362; x_wconf 83' lang='lat' dir='ltr'>Sub</span> <span class='ocrx_word' id='word_1_402' title='bbox 358 2330 523 2363; x_wconf 81' lang='lat' dir='ltr'>Theodori</span> <span class='ocrx_word' id='word_1_403' title='bbox 546 2332 765 2372; x_wconf 76' lang='lat' dir='ltr'>Daplinopatae</span> <span class='ocrx_word' id='word_1_404' title='bbox 792 2334 891 2362; x_wconf 86' lang='lat' dir='ltr'>nomi-</span> 
     </span>
     <span class='ocr_line' id='line_1_43' title="bbox 50 2373 891 2417; baseline -0.002 -9"><span class='ocrx_word' id='word_1_405' title='bbox 50 2388 87 2408; x_wconf 84' lang='lat' dir='ltr'>ne</span> <span class='ocrx_word' id='word_1_406' title='bbox 99 2377 249 2408; x_wconf 77' lang='lat' dir='ltr'>editurum</span> <span class='ocrx_word' id='word_1_407' title='bbox 268 2375 296 2405; x_wconf 85' lang='lat' dir='ltr'>se</span> <span class='ocrx_word' id='word_1_408' title='bbox 320 2376 457 2417; x_wconf 73' lang='lat' dir='ltr'>promisit</span> <span class='ocrx_word' id='word_1_409' title='bbox 480 2375 621 2414; x_wconf 74' lang='lat' dir='ltr'>Magnus</span> <span class='ocrx_word' id='word_1_410' title='bbox 646 2373 778 2415; x_wconf 75' lang='lat' dir='ltr'>Crustas.</span> <span class='ocrx_word' id='word_1_411' title='bbox 798 2374 891 2406; x_wconf 74' lang='lat' dir='ltr'>fabr.</span> 
     </span>
     <span class='ocr_line' id='line_1_44' title="bbox 47 2417 891 2458; baseline -0.002 -8"><span class='ocrx_word' id='word_1_412' title='bbox 47 2436 89 2445; x_wconf 83' lang='lat'>-</span> <span class='ocrx_word' id='word_1_413' title='bbox 111 2420 163 2450; x_wconf 86' lang='lat' dir='ltr'>sub</span> <span class='ocrx_word' id='word_1_414' title='bbox 195 2418 303 2450; x_wconf 75' lang='lat' dir='ltr'>Theod-</span> <span class='ocrx_word' id='word_1_415' title='bbox 327 2417 491 2458; x_wconf 75' lang='lat' dir='ltr'>Daplzttop.</span> <span class='ocrx_word' id='word_1_416' title='bbox 514 2419 638 2448; x_wconf 83' lang='lat' dir='ltr'>nomine</span> <span class='ocrx_word' id='word_1_417' title='bbox 660 2420 750 2447; x_wconf 86' lang='lat' dir='ltr'>etiam</span> <span class='ocrx_word' id='word_1_418' title='bbox 774 2419 805 2447; x_wconf 88' lang='lat' dir='ltr'>in</span> <span class='ocrx_word' id='word_1_419' title='bbox 822 2418 891 2448; x_wconf 86' lang='lat' dir='ltr'>cod.</span> 
     </span>
     <span class='ocr_line' id='line_1_45' title="bbox 49 2460 889 2505; baseline -0.006 -11"><span class='ocrx_word' id='word_1_420' title='bbox 49 2464 170 2502; x_wconf 71' lang='lat' dir='ltr'>August.</span> <span class='ocrx_word' id='word_1_421' title='bbox 186 2462 308 2495; x_wconf 74' lang='lat' dir='ltr'>viudel.</span> <span class='ocrx_word' id='word_1_422' title='bbox 325 2473 353 2495; x_wconf 86' lang='lat' dir='ltr'>v.</span> <span class='ocrx_word' id='word_1_423' title='bbox 369 2460 484 2504; x_wconf 73' lang='lat' dir='ltr'>Reiser.</span> <span class='ocrx_word' id='word_1_424' title='bbox 502 2460 598 2493; x_wconf 74' lang='lat' dir='ltr'>indic.</span> <span class='ocrx_word' id='word_1_425' title='bbox 609 2461 692 2494; x_wconf 79' lang='lat' dir='ltr'>MSS.</span> <span class='ocrx_word' id='word_1_426' title='bbox 706 2465 784 2500; x_wconf 71' lang='lat' dir='ltr'>Aug.</span> <span class='ocrx_word' id='word_1_427' title='bbox 804 2472 834 2505; x_wconf 81' lang='lat' dir='ltr'>p.</span> <span class='ocrx_word' id='word_1_428' title='bbox 852 2471 889 2500; x_wconf 77' lang='lat'>¹3·</span> 
     </span>
    </p>
   </div>
   <div class='ocr_carea' id='block_1_12' title="bbox 919 1258 1777 2496">
    <p class='ocr_par' dir='ltr' id='par_1_13' title="bbox 919 1258 1777 2496">
     <span class='ocr_line' id='line_1_46' title="bbox 919 1258 1765 1302; baseline 0.002 -14"><span class='ocrx_word' id='word_1_429' title='bbox 919 1259 1090 1291; x_wconf 66' lang='lat' dir='ltr'>Naum-atii</span> <span class='ocrx_word' id='word_1_430' title='bbox 1107 1258 1233 1300; x_wconf 79' lang='lat' dir='ltr'>epistola</span> <span class='ocrx_word' id='word_1_431' title='bbox 1257 1258 1409 1295; x_wconf 82' lang='lat' dir='ltr'>encyclica</span> <span class='ocrx_word' id='word_1_432' title='bbox 1432 1258 1469 1289; x_wconf 87' lang='lat' dir='ltr'>ad</span> <span class='ocrx_word' id='word_1_433' title='bbox 1488 1258 1596 1290; x_wconf 72' lang='lat' dir='ltr'>fratres</span> <span class='ocrx_word' id='word_1_434' title='bbox 1607 1267 1765 1302; x_wconf 73' lang='lat' dir='ltr'>patrecque</span> 
     </span>
     <span class='ocr_line' id='line_1_47' title="bbox 920 1302 1767 1344; baseline 0 -12"><span class='ocrx_word' id='word_1_435' title='bbox 920 1302 1103 1344; x_wconf 77' lang='lat' dir='ltr'>spirituales,</span> <span class='ocrx_word' id='word_1_436' title='bbox 1125 1302 1162 1330; x_wconf 86' lang='lat' dir='ltr'>ab</span> <span class='ocrx_word' id='word_1_437' title='bbox 1178 1303 1389 1331; x_wconf 85' lang='lat' dir='ltr'>iconomachis</span> <span class='ocrx_word' id='word_1_438' title='bbox 1403 1302 1668 1344; x_wconf 83' lang='lat' dir='ltr'>persequutionem</span> <span class='ocrx_word' id='word_1_439' title='bbox 1686 1303 1767 1333; x_wconf 84' lang='lat' dir='ltr'>susti-</span> 
     </span>
     <span class='ocr_line' id='line_1_48' title="bbox 921 1343 1772 1382; baseline -0.001 -7"><span class='ocrx_word' id='word_1_440' title='bbox 921 1353 1043 1382; x_wconf 81' lang='lat' dir='ltr'>nentes,</span> <span class='ocrx_word' id='word_1_441' title='bbox 1077 1345 1115 1374; x_wconf 88' lang='lat' dir='ltr'>dc</span> <span class='ocrx_word' id='word_1_442' title='bbox 1138 1344 1225 1373; x_wconf 86' lang='lat' dir='ltr'>obitu</span> <span class='ocrx_word' id='word_1_443' title='bbox 1248 1343 1415 1375; x_wconf 85' lang='lat' dir='ltr'>Theodori</span> <span class='ocrx_word' id='word_1_444' title='bbox 1441 1346 1574 1381; x_wconf 77' lang='lat' dir='ltr'>abbatis,</span> <span class='ocrx_word' id='word_1_445' title='bbox 1606 1345 1772 1376; x_wconf 59' lang='lat' dir='ltr'>subiuncta&amp;</span> 
     </span>
     <span class='ocr_line' id='line_1_49' title="bbox 919 1386 1767 1430; baseline 0.001 -12"><span class='ocrx_word' id='word_1_446' title='bbox 919 1388 1054 1419; x_wconf 70' lang='lat' dir='ltr'>eiusdem</span> <span class='ocrx_word' id='word_1_447' title='bbox 1073 1388 1257 1430; x_wconf 75' lang='lat' dir='ltr'>Testamenta</span> <span class='ocrx_word' id='word_1_448' title='bbox 1272 1386 1451 1418; x_wconf 86' lang='lat' dir='ltr'>Vindobon.</span> <span class='ocrx_word' id='word_1_449' title='bbox 1467 1390 1499 1418; x_wconf 90' lang='lat' dir='ltr'>in</span> <span class='ocrx_word' id='word_1_450' title='bbox 1511 1387 1579 1418; x_wconf 89' lang='lat' dir='ltr'>cod.</span> <span class='ocrx_word' id='word_1_451' title='bbox 1589 1390 1767 1419; x_wconf 79' lang='lat' dir='ltr'>caes.XXV.</span> 
     </span>
     <span class='ocr_line' id='line_1_50' title="bbox 921 1430 1767 1473; baseline 0.001 -12"><span class='ocrx_word' id='word_1_452' title='bbox 921 1442 967 1461; x_wconf 83' lang='lat' dir='ltr'>nr.</span> <span class='ocrx_word' id='word_1_453' title='bbox 983 1440 1007 1468; x_wconf 79' lang='lat'>3.</span> <span class='ocrx_word' id='word_1_454' title='bbox 1025 1442 1053 1462; x_wconf 87' lang='lat' dir='ltr'>v.</span> <span class='ocrx_word' id='word_1_455' title='bbox 1069 1430 1209 1464; x_wconf 84' lang='lat' dir='ltr'>Lambec.</span> <span class='ocrx_word' id='word_1_456' title='bbox 1226 1433 1310 1462; x_wconf 85' lang='lat' dir='ltr'>vm.</span> <span class='ocrx_word' id='word_1_457' title='bbox 1329 1442 1359 1472; x_wconf 79' lang='lat' dir='ltr'>p.</span> <span class='ocrx_word' id='word_1_458' title='bbox 1377 1436 1444 1468; x_wconf 89' lang='lat'>629.</span> <span class='ocrx_word' id='word_1_459' title='bbox 1460 1431 1501 1472; x_wconf 87' lang='lat' dir='ltr'>sq.</span> <span class='ocrx_word' id='word_1_460' title='bbox 1519 1431 1585 1468; x_wconf 87' lang='lat' dir='ltr'>(vbi</span> <span class='ocrx_word' id='word_1_461' title='bbox 1599 1441 1721 1473; x_wconf 83' lang='lat' dir='ltr'>quoque</span> <span class='ocrx_word' id='word_1_462' title='bbox 1735 1442 1767 1473; x_wconf 82' lang='lat' dir='ltr'>p.</span> 
     </span>
     <span class='ocr_line' id='line_1_51' title="bbox 923 1473 1767 1511; baseline -0.005 -6"><span class='ocrx_word' id='word_1_463' title='bbox 923 1480 987 1507; x_wconf 75' lang='lat'>628.</span> <span class='ocrx_word' id='word_1_464' title='bbox 1004 1473 1041 1503; x_wconf 88' lang='lat' dir='ltr'>de</span> <span class='ocrx_word' id='word_1_465' title='bbox 1056 1476 1119 1505; x_wconf 84' lang='lat' dir='ltr'>vita</span> <span class='ocrx_word' id='word_1_466' title='bbox 1135 1473 1261 1505; x_wconf 88' lang='lat' dir='ltr'>Theod.</span> <span class='ocrx_word' id='word_1_467' title='bbox 1278 1473 1422 1510; x_wconf 81' lang='lat' dir='ltr'>studitae,</span> <span class='ocrx_word' id='word_1_468' title='bbox 1437 1485 1457 1504; x_wconf 76' lang='lat' dir='ltr'>‚a</span> <span class='ocrx_word' id='word_1_469' title='bbox 1471 1473 1640 1511; x_wconf 73' lang='lat' dir='ltr'>Michae&#39;lc,</span> <span class='ocrx_word' id='word_1_470' title='bbox 1663 1475 1767 1504; x_wconf 78' lang='lat' dir='ltr'>uiona.</span> 
     </span>
     <span class='ocr_line' id='line_1_52' title="bbox 923 1514 1766 1558; baseline 0.001 -12"><span class='ocrx_word' id='word_1_471' title='bbox 923 1519 981 1547; x_wconf 90' lang='lat' dir='ltr'>cho</span> <span class='ocrx_word' id='word_1_472' title='bbox 1013 1516 1130 1558; x_wconf 86' lang='lat' dir='ltr'>aequali</span> <span class='ocrx_word' id='word_1_473' title='bbox 1160 1516 1349 1558; x_wconf 78' lang='lat' dir='ltr'>conscripta,</span> <span class='ocrx_word' id='word_1_474' title='bbox 1382 1518 1525 1558; x_wconf 73' lang='lat' dir='ltr'>agitur-3)</span> <span class='ocrx_word' id='word_1_475' title='bbox 1547 1533 1588 1541; x_wconf 92' lang='lat'>—-</span> <span class='ocrx_word' id='word_1_476' title='bbox 1633 1520 1667 1548; x_wconf 88' lang='lat' dir='ltr'>In</span> <span class='ocrx_word' id='word_1_477' title='bbox 1696 1514 1766 1547; x_wconf 83' lang='lat' dir='ltr'>cod.</span> 
     </span>
     <span class='ocr_line' id='line_1_53' title="bbox 921 1558 1769 1597; baseline -0.004 -5"><span class='ocrx_word' id='word_1_478' title='bbox 921 1560 1052 1592; x_wconf 79' lang='lat' dir='ltr'>Matrit.</span> <span class='ocrx_word' id='word_1_479' title='bbox 1068 1562 1121 1592; x_wconf 89' lang='lat' dir='ltr'>1v.</span> <span class='ocrx_word' id='word_1_480' title='bbox 1139 1559 1191 1589; x_wconf 85' lang='lat' dir='ltr'>sub</span> <span class='ocrx_word' id='word_1_481' title='bbox 1208 1558 1263 1589; x_wconf 79' lang='lat' dir='ltr'>fin.</span> <span class='ocrx_word' id='word_1_482' title='bbox 1277 1570 1313 1596; x_wconf 76' lang='lat' dir='ltr'>vv.</span> <span class='ocrx_word' id='word_1_483' title='bbox 1331 1559 1446 1591; x_wconf 80' lang='lat' dir='ltr'>Iriart.</span> <span class='ocrx_word' id='word_1_484' title='bbox 1463 1568 1520 1591; x_wconf 89' lang='lat' dir='ltr'>cat.</span> <span class='ocrx_word' id='word_1_485' title='bbox 1535 1558 1626 1590; x_wconf 84' lang='lat' dir='ltr'>codd.</span> <span class='ocrx_word' id='word_1_486' title='bbox 1644 1570 1685 1597; x_wconf 80' lang='lat' dir='ltr'>gr.</span> <span class='ocrx_word' id='word_1_487' title='bbox 1703 1561 1769 1590; x_wconf 82' lang='lat' dir='ltr'>Ma-</span> 
     </span>
     <span class='ocr_line' id='line_1_54' title="bbox 922 1601 1768 1644; baseline -0.004 -10"><span class='ocrx_word' id='word_1_488' title='bbox 922 1605 985 1634; x_wconf 82' lang='lat' dir='ltr'>trit.</span> <span class='ocrx_word' id='word_1_489' title='bbox 1004 1614 1032 1644; x_wconf 83' lang='lat' dir='ltr'>p.</span> <span class='ocrx_word' id='word_1_490' title='bbox 1048 1612 1090 1640; x_wconf 82' lang='lat'>19.</span> <span class='ocrx_word' id='word_1_491' title='bbox 1112 1619 1157 1627; x_wconf 92' lang='lat'>—</span> <span class='ocrx_word' id='word_1_492' title='bbox 1200 1605 1234 1633; x_wconf 87' lang='lat' dir='ltr'>In</span> <span class='ocrx_word' id='word_1_493' title='bbox 1249 1601 1477 1644; x_wconf 78' lang='lat' dir='ltr'>cod.Escorial.</span> <span class='ocrx_word' id='word_1_494' title='bbox 1500 1604 1596 1641; x_wconf 85' lang='lat' dir='ltr'>(teste</span> <span class='ocrx_word' id='word_1_495' title='bbox 1613 1602 1768 1635; x_wconf 75' lang='lat' dir='ltr'>Plis&#39;eroin‘</span> 
     </span>
     <span class='ocr_line' id='line_1_55' title="bbox 924 1644 1768 1688; baseline -0.001 -12"><span class='ocrx_word' id='word_1_496' title='bbox 924 1648 1061 1677; x_wconf 82' lang='lat' dir='ltr'>itinerar.</span> <span class='ocrx_word' id='word_1_497' title='bbox 1078 1656 1132 1688; x_wconf 82' lang='lat' dir='ltr'>per</span> <span class='ocrx_word' id='word_1_498' title='bbox 1148 1645 1274 1687; x_wconf 84' lang='lat' dir='ltr'>Hispan.</span> <span class='ocrx_word' id='word_1_499' title='bbox 1299 1656 1329 1686; x_wconf 85' lang='lat' dir='ltr'>p.</span> <span class='ocrx_word' id='word_1_500' title='bbox 1347 1647 1432 1687; x_wconf 81' lang='lat'>192.)</span> <span class='ocrx_word' id='word_1_501' title='bbox 1453 1645 1541 1688; x_wconf 81' lang='lat' dir='ltr'>plura</span> <span class='ocrx_word' id='word_1_502' title='bbox 1558 1648 1679 1682; x_wconf 79' lang='lat' dir='ltr'>exstant,</span> <span class='ocrx_word' id='word_1_503' title='bbox 1693 1644 1768 1676; x_wconf 68' lang='lat' dir='ltr'>‘scil-</span> 
     </span>
     <span class='ocr_line' id='line_1_56' title="bbox 925 1688 1768 1726; baseline -0.004 -6"><span class='ocrx_word' id='word_1_504' title='bbox 925 1690 1022 1720; x_wconf 82' lang='lat' dir='ltr'>sermo</span> <span class='ocrx_word' id='word_1_505' title='bbox 1044 1688 1080 1719; x_wconf 89' lang='lat' dir='ltr'>de</span> <span class='ocrx_word' id='word_1_506' title='bbox 1100 1688 1281 1720; x_wconf 80' lang='lat' dir='ltr'>adoratione</span> <span class='ocrx_word' id='word_1_507' title='bbox 1303 1690 1331 1721; x_wconf 82' lang='lat' dir='ltr'>S.</span> <span class='ocrx_word' id='word_1_508' title='bbox 1346 1691 1462 1726; x_wconf 75' lang='lat' dir='ltr'>crucio,</span> <span class='ocrx_word' id='word_1_509' title='bbox 1480 1700 1549 1719; x_wconf 81' lang='lat' dir='ltr'>cum</span> <span class='ocrx_word' id='word_1_510' title='bbox 1565 1688 1768 1725; x_wconf 70' lang='lat' dir='ltr'>chrysostomi</span> 
     </span>
     <span class='ocr_line' id='line_1_57' title="bbox 927 1730 1769 1772; baseline -0.004 -9"><span class='ocrx_word' id='word_1_511' title='bbox 927 1733 1072 1763; x_wconf 62' lang='lat' dir='ltr'>catechesi.</span> <span class='ocrx_word' id='word_1_512' title='bbox 1092 1731 1130 1762; x_wconf 87' lang='lat' dir='ltr'>ad</span> <span class='ocrx_word' id='word_1_513' title='bbox 1154 1730 1320 1772; x_wconf 73' lang='lat' dir='ltr'>discipulos</span> <span class='ocrx_word' id='word_1_514' title='bbox 1339 1731 1424 1762; x_wconf 69' lang='lat' dir='ltr'>snou</span> <span class='ocrx_word' id='word_1_515' title='bbox 1447 1734 1482 1763; x_wconf 74' lang='lat' dir='ltr'>Ee</span> <span class='ocrx_word' id='word_1_516' title='bbox 1502 1731 1638 1763; x_wconf 77' lang='lat' dir='ltr'>eiusdem</span> <span class='ocrx_word' id='word_1_517' title='bbox 1661 1732 1769 1762; x_wconf 79' lang='lat' dir='ltr'>Testa-</span> 
     </span>
     <span class='ocr_line' id='line_1_58' title="bbox 927 1775 1766 1817; baseline -0.005 -12"><span class='ocrx_word' id='word_1_518' title='bbox 927 1783 1077 1806; x_wconf 81' lang='lat' dir='ltr'>mentum:</span> <span class='ocrx_word' id='word_1_519' title='bbox 1106 1775 1236 1804; x_wconf 80' lang='lat' dir='ltr'>iambica</span> <span class='ocrx_word' id='word_1_520' title='bbox 1257 1776 1393 1805; x_wconf 77' lang='lat' dir='ltr'>carmina</span> <span class='ocrx_word' id='word_1_521' title='bbox 1414 1776 1446 1804; x_wconf 88' lang='lat' dir='ltr'>in</span> <span class='ocrx_word' id='word_1_522' title='bbox 1467 1776 1551 1804; x_wconf 82' lang='lat' dir='ltr'>varia</span> <span class='ocrx_word' id='word_1_523' title='bbox 1575 1781 1766 1817; x_wconf 70' lang='lat' dir='ltr'>argumenta:</span> 
     </span>
     <span class='ocr_line' id='line_1_59' title="bbox 927 1814 1768 1859; baseline -0.005 -11"><span class='ocrx_word' id='word_1_524' title='bbox 927 1826 956 1848; x_wconf 88' lang='lat' dir='ltr'>et</span> <span class='ocrx_word' id='word_1_525' title='bbox 977 1817 1139 1859; x_wconf 82' lang='lat' dir='ltr'>descriptio</span> <span class='ocrx_word' id='word_1_526' title='bbox 1165 1817 1361 1847; x_wconf 73' lang='lat' dir='ltr'>habitationis</span> <span class='ocrx_word' id='word_1_527' title='bbox 1383 1816 1479 1848; x_wconf 80' lang='lat' dir='ltr'>studii</span> <span class='ocrx_word' id='word_1_528' title='bbox 1501 1826 1570 1846; x_wconf 81' lang='lat' dir='ltr'>cum</span> <span class='ocrx_word' id='word_1_529' title='bbox 1593 1817 1656 1846; x_wconf 73' lang='lat' dir='ltr'>vita</span> <span class='ocrx_word' id='word_1_530' title='bbox 1672 1814 1768 1845; x_wconf 78' lang='lat' dir='ltr'>eiusd.</span> 
     </span>
     <span class='ocr_line' id='line_1_60' title="bbox 927 1856 1771 1895; baseline -0.002 -5"><span class='ocrx_word' id='word_1_531' title='bbox 927 1859 1106 1891; x_wconf 86' lang='lat' dir='ltr'>Theodori.</span> <span class='ocrx_word' id='word_1_532' title='bbox 1128 1876 1172 1883; x_wconf 96' lang='lat'><strong>—</strong></span> <span class='ocrx_word' id='word_1_533' title='bbox 1216 1859 1350 1891; x_wconf 73' lang='lat' dir='ltr'>Florem.</span> <span class='ocrx_word' id='word_1_534' title='bbox 1367 1860 1399 1889; x_wconf 89' lang='lat' dir='ltr'>in</span> <span class='ocrx_word' id='word_1_535' title='bbox 1416 1856 1485 1888; x_wconf 83' lang='lat' dir='ltr'>cod.</span> <span class='ocrx_word' id='word_1_536' title='bbox 1501 1859 1641 1889; x_wconf 77' lang='lat' dir='ltr'>Laurent.</span> <span class='ocrx_word' id='word_1_537' title='bbox 1655 1860 1708 1890; x_wconf 89' lang='lat' dir='ltr'>1v.</span> <span class='ocrx_word' id='word_1_538' title='bbox 1725 1868 1771 1895; x_wconf 74' lang='lat'>¹4·</span> 
     </span>
     <span class='ocr_line' id='line_1_61' title="bbox 928 1901 1770 1945; baseline 0.001 -13"><span class='ocrx_word' id='word_1_539' title='bbox 928 1902 1002 1945; x_wconf 87' lang='lat' dir='ltr'>plut.</span> <span class='ocrx_word' id='word_1_540' title='bbox 1017 1914 1046 1940; x_wconf 83' lang='grc'>4.</span> <span class='ocrx_word' id='word_1_541' title='bbox 1067 1914 1096 1935; x_wconf 84' lang='lat' dir='ltr'>v.</span> <span class='ocrx_word' id='word_1_542' title='bbox 1118 1902 1255 1942; x_wconf 78' lang='lat' dir='ltr'>Bandin.</span> <span class='ocrx_word' id='word_1_543' title='bbox 1273 1909 1331 1934; x_wconf 87' lang='lat' dir='ltr'>cat.</span> <span class='ocrx_word' id='word_1_544' title='bbox 1354 1901 1443 1932; x_wconf 89' lang='lat' dir='ltr'>codd.</span> <span class='ocrx_word' id='word_1_545' title='bbox 1460 1911 1504 1939; x_wconf 78' lang='lat' dir='ltr'>gr.</span> <span class='ocrx_word' id='word_1_546' title='bbox 1519 1904 1604 1933; x_wconf 81' lang='lat' dir='ltr'>Laur.</span> <span class='ocrx_word' id='word_1_547' title='bbox 1619 1904 1643 1932; x_wconf 89' lang='lat'>1.</span> <span class='ocrx_word' id='word_1_548' title='bbox 1660 1912 1689 1943; x_wconf 85' lang='lat' dir='ltr'>p.</span> <span class='ocrx_word' id='word_1_549' title='bbox 1707 1906 1770 1937; x_wconf 65' lang='grc' dir='ltr'>ςιΐ.</span> 
     </span>
     <span class='ocr_line' id='line_1_62' title="bbox 929 1945 1770 1978; baseline -0.004 -1"><span class='ocrx_word' id='word_1_550' title='bbox 929 1961 971 1972; x_wconf 85' lang='lat'>--</span> <span class='ocrx_word' id='word_1_551' title='bbox 1002 1949 1036 1977; x_wconf 85' lang='lat' dir='ltr'>In</span> <span class='ocrx_word' id='word_1_552' title='bbox 1065 1945 1132 1976; x_wconf 84' lang='lat' dir='ltr'>cod.</span> <span class='ocrx_word' id='word_1_553' title='bbox 1155 1946 1304 1977; x_wconf 83' lang='lat' dir='ltr'>Naniano</span> <span class='ocrx_word' id='word_1_554' title='bbox 1326 1948 1415 1977; x_wconf 80' lang='lat' dir='ltr'>an.</span> <span class='ocrx_word' id='word_1_555' title='bbox 1439 1946 1491 1974; x_wconf 84' lang='lat' dir='ltr'>fin.</span> <span class='ocrx_word' id='word_1_556' title='bbox 1521 1953 1551 1978; x_wconf 78' lang='lat' dir='ltr'>et</span> <span class='ocrx_word' id='word_1_557' title='bbox 1579 1946 1713 1975; x_wconf 81' lang='lat' dir='ltr'>LXVIII.</span> <span class='ocrx_word' id='word_1_558' title='bbox 1740 1955 1770 1977; x_wconf 88' lang='lat' dir='ltr'>v.</span> 
     </span>
     <span class='ocr_line' id='line_1_63' title="bbox 929 1987 1771 2031; baseline -0.004 -11"><span class='ocrx_word' id='word_1_559' title='bbox 929 1997 985 2021; x_wconf 84' lang='lat' dir='ltr'>cat.</span> <span class='ocrx_word' id='word_1_560' title='bbox 998 1988 1089 2021; x_wconf 88' lang='lat' dir='ltr'>codd.</span> <span class='ocrx_word' id='word_1_561' title='bbox 1106 2000 1149 2027; x_wconf 75' lang='lat' dir='ltr'>gr.</span> <span class='ocrx_word' id='word_1_562' title='bbox 1168 1991 1248 2020; x_wconf 82' lang='lat' dir='ltr'>Nau.</span> <span class='ocrx_word' id='word_1_563' title='bbox 1265 2000 1294 2031; x_wconf 91' lang='lat' dir='ltr'>p.</span> <span class='ocrx_word' id='word_1_564' title='bbox 1312 1998 1378 2018; x_wconf 83' lang='lat'>100.</span> <span class='ocrx_word' id='word_1_565' title='bbox 1393 1987 1436 2029; x_wconf 86' lang='lat' dir='ltr'>sq.</span> <span class='ocrx_word' id='word_1_566' title='bbox 1451 1995 1480 2017; x_wconf 90' lang='lat' dir='ltr'>et</span> <span class='ocrx_word' id='word_1_567' title='bbox 1496 1997 1618 2031; x_wconf 64' lang='lat' dir='ltr'>¹3²i⁴—</span> <span class='ocrx_word' id='word_1_568' title='bbox 1663 1988 1771 2019; x_wconf 64' lang='lat' dir='ltr'>Vener.</span> 
     </span>
     <span class='ocr_line' id='line_1_64' title="bbox 927 2030 1772 2072; baseline -0.001 -9"><span class='ocrx_word' id='word_1_569' title='bbox 927 2034 960 2063; x_wconf 86' lang='lat' dir='ltr'>in</span> <span class='ocrx_word' id='word_1_570' title='bbox 975 2031 1042 2063; x_wconf 84' lang='lat' dir='ltr'>cod.</span> <span class='ocrx_word' id='word_1_571' title='bbox 1063 2033 1220 2063; x_wconf 82' lang='lat' dir='ltr'>Marciano</span> <span class='ocrx_word' id='word_1_572' title='bbox 1239 2034 1338 2062; x_wconf 88' lang='lat' dir='ltr'>CXLI.</span> <span class='ocrx_word' id='word_1_573' title='bbox 1355 2032 1416 2060; x_wconf 80' lang='lat' dir='ltr'>vita</span> <span class='ocrx_word' id='word_1_574' title='bbox 1433 2030 1599 2061; x_wconf 83' lang='lat' dir='ltr'>Theodori</span> <span class='ocrx_word' id='word_1_575' title='bbox 1614 2040 1668 2072; x_wconf 87' lang='lat' dir='ltr'>per</span> <span class='ocrx_word' id='word_1_576' title='bbox 1684 2030 1772 2062; x_wconf 83' lang='lat' dir='ltr'>Nau-</span> 
     </span>
     <span class='ocr_line' id='line_1_65' title="bbox 929 2072 1772 2115; baseline -0.006 -8"><span class='ocrx_word' id='word_1_577' title='bbox 929 2076 1062 2107; x_wconf 74' lang='lat' dir='ltr'>cratium</span> <span class='ocrx_word' id='word_1_578' title='bbox 1078 2076 1274 2112; x_wconf 62' lang='lat' dir='ltr'>monrechnm,</span> <span class='ocrx_word' id='word_1_579' title='bbox 1297 2084 1386 2115; x_wconf 71' lang='lat' dir='ltr'>quam</span> <span class='ocrx_word' id='word_1_580' title='bbox 1406 2072 1623 2114; x_wconf 84' lang='lat' dir='ltr'>subsequuntur</span> <span class='ocrx_word' id='word_1_581' title='bbox 1638 2075 1772 2103; x_wconf 72' lang='lat' dir='ltr'>carmina</span> 
     </span>
     <span class='ocr_line' id='line_1_66' title="bbox 931 2115 1770 2157; baseline -0.005 -7"><span class='ocrx_word' id='word_1_582' title='bbox 931 2122 996 2150; x_wconf 81' lang='lat' dir='ltr'>XII.</span> <span class='ocrx_word' id='word_1_583' title='bbox 1013 2126 1042 2148; x_wconf 92' lang='lat' dir='ltr'>et</span> <span class='ocrx_word' id='word_1_584' title='bbox 1056 2118 1117 2149; x_wconf 70' lang='lat' dir='ltr'>alia</span> <span class='ocrx_word' id='word_1_585' title='bbox 1131 2117 1169 2148; x_wconf 80' lang='lat' dir='ltr'>ad</span> <span class='ocrx_word' id='word_1_586' title='bbox 1185 2117 1390 2149; x_wconf 86' lang='lat' dir='ltr'>Theodorum</span> <span class='ocrx_word' id='word_1_587' title='bbox 1407 2115 1545 2146; x_wconf 85' lang='lat' dir='ltr'>eumdem</span> <span class='ocrx_word' id='word_1_588' title='bbox 1559 2115 1730 2157; x_wconf 59' lang='lat' dir='ltr'>speaautia.</span> <span class='ocrx_word' id='word_1_589' title='bbox 1743 2127 1770 2146; x_wconf 86' lang='grc' dir='ltr'>ν.</span> 
     </span>
     <span class='ocr_line' id='line_1_67' title="bbox 933 2157 1772 2200; baseline -0.006 -8"><span class='ocrx_word' id='word_1_590' title='bbox 933 2171 989 2194; x_wconf 80' lang='lat' dir='ltr'>cat.</span> <span class='ocrx_word' id='word_1_591' title='bbox 1009 2161 1097 2192; x_wconf 88' lang='lat' dir='ltr'>codd.</span> <span class='ocrx_word' id='word_1_592' title='bbox 1121 2171 1164 2199; x_wconf 83' lang='lat' dir='ltr'>gr.</span> <span class='ocrx_word' id='word_1_593' title='bbox 1188 2164 1282 2191; x_wconf 81' lang='lat' dir='ltr'>Marc.</span> <span class='ocrx_word' id='word_1_594' title='bbox 1306 2171 1335 2200; x_wconf 84' lang='lat' dir='ltr'>p.</span> <span class='ocrx_word' id='word_1_595' title='bbox 1355 2165 1402 2192; x_wconf 84' lang='lat'>80.</span> <span class='ocrx_word' id='word_1_596' title='bbox 1427 2176 1470 2183; x_wconf 95' lang='lat'>—</span> <span class='ocrx_word' id='word_1_597' title='bbox 1514 2159 1625 2190; x_wconf 71' lang='lat' dir='ltr'>Paris.</span> <span class='ocrx_word' id='word_1_598' title='bbox 1647 2160 1678 2188; x_wconf 90' lang='lat' dir='ltr'>in</span> <span class='ocrx_word' id='word_1_599' title='bbox 1701 2157 1772 2188; x_wconf 86' lang='lat' dir='ltr'>cod.</span> 
     </span>
     <span class='ocr_line' id='line_1_68' title="bbox 933 2201 1773 2245; baseline -0.006 -10"><span class='ocrx_word' id='word_1_600' title='bbox 933 2204 1006 2235; x_wconf 81' lang='lat' dir='ltr'>bibl.</span> <span class='ocrx_word' id='word_1_601' title='bbox 1027 2203 1114 2245; x_wconf 82' lang='lat' dir='ltr'>publ·</span> <span class='ocrx_word' id='word_1_602' title='bbox 1134 2205 1339 2233; x_wconf 75' lang='lat' dir='ltr'>Dcccxclv.</span> <span class='ocrx_word' id='word_1_603' title='bbox 1363 2212 1408 2232; x_wconf 83' lang='lat' dir='ltr'>nr.</span> <span class='ocrx_word' id='word_1_604' title='bbox 1431 2211 1475 2231; x_wconf 82' lang='grc' dir='ltr'>ιο.</span> <span class='ocrx_word' id='word_1_605' title='bbox 1496 2212 1564 2231; x_wconf 85' lang='lat' dir='ltr'>cnm</span> <span class='ocrx_word' id='word_1_606' title='bbox 1587 2201 1688 2231; x_wconf 86' lang='lat' dir='ltr'>multis</span> <span class='ocrx_word' id='word_1_607' title='bbox 1707 2201 1773 2231; x_wconf 69' lang='lat' dir='ltr'>aliis</span> 
     </span>
     <span class='ocr_line' id='line_1_69' title="bbox 932 2243 1775 2286; baseline -0.005 -7"><span class='ocrx_word' id='word_1_608' title='bbox 932 2246 1058 2279; x_wconf 86' lang='lat' dir='ltr'>Theod.</span> <span class='ocrx_word' id='word_1_609' title='bbox 1076 2246 1156 2276; x_wconf 75' lang='lat' dir='ltr'>stud.</span> <span class='ocrx_word' id='word_1_610' title='bbox 1173 2256 1244 2286; x_wconf 88' lang='lat' dir='ltr'>opp.</span> <span class='ocrx_word' id='word_1_611' title='bbox 1267 2260 1311 2266; x_wconf 90' lang='lat'>-—-</span> <span class='ocrx_word' id='word_1_612' title='bbox 1352 2243 1429 2274; x_wconf 78' lang='lat' dir='ltr'>ibid.</span> <span class='ocrx_word' id='word_1_613' title='bbox 1444 2247 1475 2273; x_wconf 90' lang='lat' dir='ltr'>in</span> <span class='ocrx_word' id='word_1_614' title='bbox 1496 2244 1564 2274; x_wconf 82' lang='lat' dir='ltr'>cod.</span> <span class='ocrx_word' id='word_1_615' title='bbox 1580 2247 1716 2275; x_wconf 81' lang='lat' dir='ltr'>DCCLv.</span> <span class='ocrx_word' id='word_1_616' title='bbox 1734 2253 1775 2280; x_wconf 82' lang='lat'>19.</span> 
     </span>
     <span class='ocr_line' id='line_1_70' title="bbox 935 2287 1775 2326; baseline -0.006 -6"><span class='ocrx_word' id='word_1_617' title='bbox 935 2291 1014 2326; x_wconf 77' lang='lat' dir='ltr'>vita,</span> <span class='ocrx_word' id='word_1_618' title='bbox 1044 2290 1166 2319; x_wconf 65' lang='lat' dir='ltr'>audiere</span> <span class='ocrx_word' id='word_1_619' title='bbox 1182 2287 1332 2318; x_wconf 60' lang='lat' dir='ltr'>Michaele</span> <span class='ocrx_word' id='word_1_620' title='bbox 1347 2288 1513 2321; x_wconf 75' lang='lat' dir='ltr'>mounch03</span> <span class='ocrx_word' id='word_1_621' title='bbox 1541 2290 1601 2317; x_wconf 91' lang='lat' dir='ltr'>inc.</span> <span class='ocrx_word' id='word_1_622' title='bbox 1617 2288 1710 2317; x_wconf 54' lang='grc' dir='ltr'>πολλοὶ</span> <span class='ocrx_word' id='word_1_623' title='bbox 1724 2289 1775 2323; x_wconf 64' lang='grc' dir='ltr'>μὲν</span> 
     </span>
     <span class='ocr_line' id='line_1_71' title="bbox 933 2329 1777 2369; baseline -0.002 -7"><span class='ocrx_word' id='word_1_624' title='bbox 933 2335 984 2362; x_wconf 67' lang='grc' dir='ltr'>τῶν</span> <span class='ocrx_word' id='word_1_625' title='bbox 998 2332 1088 2369; x_wconf 60' lang='lat' dir='ltr'>uiri-1.</span> <span class='ocrx_word' id='word_1_626' title='bbox 1110 2348 1154 2355; x_wconf 94' lang='lat'>—</span> <span class='ocrx_word' id='word_1_627' title='bbox 1197 2333 1267 2362; x_wconf 73' lang='lat' dir='ltr'>Vita</span> <span class='ocrx_word' id='word_1_628' title='bbox 1289 2332 1322 2360; x_wconf 87' lang='lat' dir='ltr'>in</span> <span class='ocrx_word' id='word_1_629' title='bbox 1346 2330 1412 2361; x_wconf 87' lang='lat' dir='ltr'>cod.</span> <span class='ocrx_word' id='word_1_630' title='bbox 1435 2329 1577 2362; x_wconf 81' lang='lat' dir='ltr'>Ottobon.</span> <span class='ocrx_word' id='word_1_631' title='bbox 1594 2333 1723 2367; x_wconf 82' lang='lat' dir='ltr'>Romae,</span> <span class='ocrx_word' id='word_1_632' title='bbox 1747 2338 1777 2360; x_wconf 78' lang='lat' dir='ltr'>et</span> 
     </span>
     <span class='ocr_line' id='line_1_72' title="bbox 934 2373 1776 2417; baseline -0.005 -10"><span class='ocrx_word' id='word_1_633' title='bbox 934 2375 1117 2417; x_wconf 81' lang='lat' dir='ltr'>Sfortiano,</span> <span class='ocrx_word' id='word_1_634' title='bbox 1141 2385 1168 2408; x_wconf 87' lang='lat' dir='ltr'>v.</span> <span class='ocrx_word' id='word_1_635' title='bbox 1192 2373 1404 2414; x_wconf 76' lang='lat' dir='ltr'>Montfaucon.</span> <span class='ocrx_word' id='word_1_636' title='bbox 1427 2373 1502 2404; x_wconf 86' lang='lat' dir='ltr'>bibl.</span> <span class='ocrx_word' id='word_1_637' title='bbox 1523 2373 1664 2407; x_wconf 81' lang='lat' dir='ltr'>biblioth.</span> <span class='ocrx_word' id='word_1_638' title='bbox 1683 2375 1776 2403; x_wconf 78' lang='lat' dir='ltr'>MSSt.</span> 
     </span>
     <span class='ocr_line' id='line_1_73' title="bbox 934 2415 1776 2461; baseline -0.004 -13"><span class='ocrx_word' id='word_1_639' title='bbox 934 2423 959 2452; x_wconf 86' lang='lat'>1.</span> <span class='ocrx_word' id='word_1_640' title='bbox 988 2430 1056 2461; x_wconf 80' lang='lat' dir='ltr'>pag.</span> <span class='ocrx_word' id='word_1_641' title='bbox 1074 2425 1137 2455; x_wconf 79' lang='lat'>185.</span> <span class='ocrx_word' id='word_1_642' title='bbox 1158 2421 1193 2448; x_wconf 80' lang='lat' dir='ltr'>A.</span> <span class='ocrx_word' id='word_1_643' title='bbox 1215 2425 1244 2447; x_wconf 87' lang='lat' dir='ltr'>et</span> <span class='ocrx_word' id='word_1_644' title='bbox 1259 2428 1325 2455; x_wconf 85' lang='lat'>701.</span> <span class='ocrx_word' id='word_1_645' title='bbox 1349 2416 1389 2446; x_wconf 80' lang='lat' dir='ltr'>E.</span> <span class='ocrx_word' id='word_1_646' title='bbox 1411 2415 1488 2446; x_wconf 80' lang='lat' dir='ltr'>Add.</span> <span class='ocrx_word' id='word_1_647' title='bbox 1513 2416 1600 2459; x_wconf 79' lang='lat' dir='ltr'>supra</span> <span class='ocrx_word' id='word_1_648' title='bbox 1621 2418 1653 2447; x_wconf 88' lang='lat' dir='ltr'>in</span> <span class='ocrx_word' id='word_1_649' title='bbox 1667 2416 1776 2455; x_wconf 72' lang='lat' dir='ltr'>ciogliu</span> 
     </span>
     <span class='ocr_line' id='line_1_74' title="bbox 935 2458 1510 2496; baseline -0.007 -2"><span class='ocrx_word' id='word_1_650' title='bbox 935 2465 1049 2496; x_wconf 58' lang='lat' dir='ltr'>SSRor.</span> <span class='ocrx_word' id='word_1_651' title='bbox 1076 2460 1392 2494; x_wconf 68' lang='lat' dir='ltr'>TheodoriStuditae.</span> <span class='ocrx_word' id='word_1_652' title='bbox 1415 2458 1510 2491; x_wconf 70' lang='lat' dir='ltr'>Harl.</span> 
     </span>
    </p>
   </div>
  </div>
 </body>
</html>
