2023 2656
11 155 352 191 v01.v111.p.619r620
471 155 724 193 EDITIONES
751 156 924 192 SCALAE
952 157 1012 191 10.
1038 155 1233 190 CLIMACI
1295 155 1367 189 Lib.
1383 155 1425 191 V.
1442 154 1619 190 c.XXJII.
1671 163 1735 198 527

111 264 246 301 patrum
256 236 458 287 'editionibus
476 253 572 288 Paris.
587 262 620 288 et
631 251 755 288 colon.
780 260 862 287 tom.
875 252 933 286 vt.
949 260 1031 300 part.
1048 251 1091 285 11.
1109 261 1185 299 pag.
1202 260 1272 292 241.
1287 246 1358 298 sqq.
1410 250 1453 285 Et
1473 262 1550 285 cum
1577 247 1735 294 Dionyfii

115 301 324 339 carthusiani
341 303 602 339 enarrationibus
617 304 742 339 Colon.
767 313 860 347 1540.
882 299 945 339 fol.

10 379 178 434 Mattffi‘eo
193 376 340 485 ξιξιίενο,
368 399 400 437 S.
420 400 446 434 1.
459 401 647 447 interprete.
707 399 747 434 In
769 395 915 433 editione
942 397 1160 433 bibliothecae
1178 405 1310 445 patrum
1332 393 1544 444 Lugdunenfi
1567 406 1620 429 ao.
1644 394 1735 436 1677.

111 458 194 484 tom.
245 475 254 484 .

11 543 126 580 Italica
146 542 251 578 verfio
276 546 392 579 Vener.
417 549 500 588 1585.
528 540 614 591 apud
636 545 773 579 Petrum
796 545 1013 579 Marinellum.
1072 544 1172 578 Γαῖαν.
1232 543 1368 578 Ραῐΐοηὶ
1391 544 1424 576 in
1445 539 1624 584 Biblioteca
1648 535 1738 585 degli

111 598 233 632 Autori
263 613 309 621 —
336 595 569 643 volgarium,
599 605 681 630 tom.
698 598 740 631 11.
753 609 830 644 pag.
850 608 921 640 109.
939 594 1007 644 sqq.
1036 594 1144 630 multo
1167 594 1277 642 plures
1299 595 1419 641 partim
1441 593 1570 627 vberius
1597 587 1739 625 recenset

112 645 274 681 versionis
299 645 366 681 ital.
390 644 481 680 editt.
497 658 525 681 a.
549 657 641 689 1477.
662 656 698 683 et
721 653 811 692 1478.
832 657 864 690 4.
898 666 946 675 -
979 650 1095 682 Vener.
1120 657 1208 689 1491.
1236 656 1271 688 4.
1302 664 1353 671 —
1385 645 1428 679 ib.
1452 656 1511 691 per
1532 640 1676 689 Cristph.
1699 637 1742 673 de

113 695 313 738 Mandeno‚
356 708 449 741 1492·
480 708 513 740 4.
541 718 592 723 —
625 696 704 732 ibid.
730 710 809 742 1517·
834 709 868 741 4.
896 717 946 725 —
972 698 1015 733 ib.
1042 708 1126 742 1545.
1154 703 1184 736 8.
1212 717 1263 724 —-
1288 696 1334 731 ib.
1354 707 1443 740 1570.
1467 700 1497 733 8.
1520 695 1578 728 bis.
1605 711 1654 718 -—
1681 704 1740 739 per

114 747 357 789 Muinellum,
385 746 465 783 ibid.
482 754 565 793 1585.
589 759 620 783 et
639 747 839 784 Mediolani.
854 755 946 794 1585.
963 755 993 789 8.
1021 753 1137 785 Venet.
1163 750 1253 792 1607.
1279 755 1308 788 8.
1337 767 1384 773 —-
1413 749 1490 782 Vita
1512 744 1544 779 di
1567 746 1598 779 S.
1619 745 1740 778 Hono-

113 795 196 839 srio,
213 809 324 834 cavata
340 798 426 834 dalle
441 801 552 848 Opere
567 798 622 834 del
640 803 676 836 B.
691 803 855 836 Giovanni
871 801 1035 836 Climaco.
1058 799 1202 835 Mediol.
1226 801 1314 841 1623.
1338 810 1386 833 12.
1420 800 1517 832 etiam
1541 795 1586 831 sic
1608 797 1740 830 citatur:

112 850 190 886 Vita
205 848 238 884 di
256 851 288 884 S.
305 847 475 892 Onofrio‚
504 849 647 886 tradotta
661 850 714 887 dal
734 851 840 887 latino
863 851 897 886 di
914 854 945 887 S.
965 853 1133 887 Giouanni
1149 850 1302 887 Climaco
1321 849 1363 885 da
1382 851 1455 886 Gio.
1481 848 1617 884 Andrea
1641 846 1741 879 Pion-

116 913 182 941 πο,
206 899 351 936 Mediol.
369 903 522 944 1623.12.
551 922 600 929 —-
625 901 705 938 ibid.
727 905 818 948 1639.
833 914 881 939 12.
905 905 993 948 1645.
1019 915 1064 938 12.
1088 904 1181 945 1664.
1207 914 1254 938 12.
1283 900 1378 948 (coll.
1395 899 1474 939 bibl.
1490 901 1646 947 Scriptor.
1668 896 1742 933 Me-

120 950 203 987 diol.
220 954 265 988 11.
276 962 360 1001 part.
377 955 417 987 11.
440 953 506 989 col.
521 957 630 999 1901.)
681 955 781 991 Harl.

14 1047 294 1088 Graecobarbara‚
346 1055 481 1083 curante
514 1048 662 1083 Maximo
694 1049 900 1097 Mat-gunfo,
953 1050 1181 1095 Cytherorum
1213 1046 1391 1098 episcopo,
1443 1050 1562 1082 Vener.
1592 1054 1685 1088 1590·
1712 1051 1743 1084 4-

15 1141 193 1190 ffspanfffl
226 1155 254 1177 ³·
289 1152 380 1187 1504.
421 1140 540 1177 Toleti
578 1139 643 1178 fol.
685 1151 717 1177 et
755 1141 818 1177 alia
849 1145 1035 1188 recentior,
1069 1132 1226 1178 Ludoziici·
1266 1141 1486 1190 Granatetfis.
1532 1137 1746 1174 salmanticae

119 1203 204 1237 1571.
227 1198 258 1232 8.

17 1294 241 1331 Graecolatina
261 1291 423 1328 Matthaei
443 1291 586 1335 Raderi‚
615 1295 646 1329 S.
662 1296 688 1330 1.
706 1298 795 1343 typis
810 1294 988 1332 luculentis
1007 1297 1104 1331 Paris.
1119 1297 1206 1338 1633.
1228 1292 1290 1330 fol.
1316 1293 1405 1342 apud
1431 1291 1654 1328 sebastianum
1670 1293 1747 1326 Cra-

117 1343 287 1381 moifium.
339 1346 407 1379 Hic
422 1343 570 1386 Raderus
583 1344 734 1393 pluribus
756 1345 946 1389 codicibus,
974 1358 1118 1396 quatuor
1129 1361 1168 1383 ex
1187 1346 1262 1382 bibl.
1280 1347 1451 1381 Bauarica.
1487 1345 1588 1379 tribus
1612 1355 1652 1376 ex
1679 1343 1746 1375 Au·

120 1394 274 1446 gustam,
302 1405 333 1430 et
349 1408 417 1430 vno
434 1395 584 1431 Andreae
600 1397 745 1438 Schotti‚
763 1397 805 1433 ad
819 1399 922 1434 alium
939 1402 1037 1434 etiam
1054 1399 1224 1448 castigato,
1240 1396 1324 1439 vsus,
1360 1395 1478 1432 scalam
1493 1393 1594 1430 edidit
1607 1405 1681 1428 cum
1694 1403 1748 1425 ve·

114 1449 237 1482 teribus
259 1450 419 1492 anonymi
444 1446 597 1489 scholiis,
640 1449 748 1496 qualia
777 1452 875 1486 etiam
901 1450 1056 1499 epistolae
1071 1450 1111 1485 ad
1133 1450 1296 1499 pastorem
1322 1446 1469 1489 addidit,
1503 1456 1596 1481 antea
1616 1441 1747 1479 inedita.

119 1501 234 1535 Latina
255 1497 362 1533 versio
383 1496 530 1533 eiusdem
553 1497 675 1534 Raderi
700 1500 765 1542 est,
790 1501 1078 1551 quemadmodum
1094 1512 1124 1537 et
1139 1501 1298 1551 Isagoge,
1322 1503 1358 1536 in
1381 1513 1446 1548 qua
1467 1499 1509 1534 de
1533 1500 1658 1533 Ioanne
1679 1492 1748 1529 Cli-

117 1562 215 1589 maco
234 1552 351 1585 eteius
367 1548 450 1585 scala
470 1549 604 1599 copiose
626 1548 800 1588 disseritur.

22 1654 167 1694 Gallica,
209 1650 353 1687 Arnaldi
377 1650 514 1697 Andilly
543 1653 641 1687 Paris.
667 1654 753 1697 1654.
778 1665 823 1688 12.
840 1698 844 1700 ῃ
861 1658 918 1703 qui
947 1653 1045 1692 doste
1068 1655 1256 1691 Climacum
1287 1657 1386 1689 etiam
1408 1655 1496 1688 notis
1520 1647 1692 1686 illustrauit
1715 1649 1750 1681 in

123 1705 221 1739 altera
245 1702 410 1742 editione,
438 1703 515 1736 ibid·
540 1704 626 1737 1661.
650 1706 740 1743 1688-
767 1717 813 1740 12-
839 1706 990 1743 laudatus
1013 1721 1030 1742 a
1054 1707 1205 1744 cotelerio
1223 1718 1306 1740 tom.
1321 1709 1344 1740 1.
1374 1711 1624 1739 monumentor.
1646 1699 1749 1734 eccle-

120 1754 185 1790 s¹⁸e
208 1766 342 1802 graecae
366 1765 438 1801 P2g·
466 1755 541 1797 796.
567 1763 598 1788 et
619 1756 696 1790 Elia
717 1758 760 1792 du
779 1759 846 1792 Pin
871 1768 950 1794 tom.
975 1761 1096 1795 XVIII.
1132 1758 1349 1793 bibliothecae
1366 1755 1513 1803 scriptor.
1538 1753 1650 1788 eccle&
1673 1762 1748 1799 pag.

124 1817 175 1851 93.
204 1815 235 1840 et
256 1814 339 1840 toni.
360 1807 398 1840 V.
421 1817 496 1854 pag.
521 1817 586 1841 101.

620 1927 690 1947 *ἡ
854 1929 926 1949 *ἡ
1089 1930 1162 1951 *ss

646 1952 663 1971 ἡ
883 1955 901 1973 ἢ
1118 1957 1135 1974 Β

26 2047 221 2084 Slauonicam
238 2043 338 2080 scalae
355 2047 425 2081 roh.
438 2044 576 2081 Cliniae-i
593 2045 774 2081 versionem
791 2046 912 2082 exslaie
929 2050 1001 2083 MS.
1021 2052 1053 2083 in
1073 2048 1148 2084 bibl.
1166 2050 1391 2097 Seguieriana2
1420 2052 1520 2096 (quae
1535 2043 1636 2081 hodie
1652 2043 1749 2078 Cois-

125 2097 273 2142 liniana,)
301 2096 401 2132 didici
417 2110 457 2132 ex
480 2099 579 2132 veteri
597 2099 666 2132 eius
682 2098 857 2147 catalogo,
880 2099 969 2134 edito
987 2103 1084 2136 Paris.
1102 2102 1196 2139 1686.
1213 2111 1259 2134 12.
1281 2112 1315 2148 p.
1338 2112 1385 2144 33.

192 2205 260 2251 [P]
312 2208 426 2241 Latina
456 2205 562 2242 verfio
597 2207 719 2256 Angcli
756 2209 792 2243 dc
827 2209 982 2258 CinguIO,
1024 2219 1253 2259 cognomento
1286 2209 1432 2250 C'larcni,
1485 2204 1611 2243 ordinis
1644 2207 1750 2239 mino·

31 2269 118 2296 rum,
159 2254 225 2291 fine
252 2256 470 2300 franciscani,
524 2262 579 2307 qui
608 2262 693 2294 circa
721 2273 748 2294 a.
777 2262 814 2296 C.
844 2272 934 2304 1294.
965 2265 1060 2296 vixit.-
1115 2264 1167 2308 [V.
1201 2263 1336 2297 Pm'toni
1370 2260 1446 2296 bibl.
1473 2261 1526 2294 eit.
1560 2271 1632 2307 pag.
1667 2254 1751 2299 ιτα]

33 2316 87 2341 aut
115 2308 303 2355 Hieronymi
343 2308 468 2355 Osorii,
523 2323 623 2359 quem
665 2308 782 2346 scalam
826 2315 873 2347 10.
911 2313 1050 2349 Climaci
1094 2312 1370 2361 interpretandam
1408 2307 1572 2357 suscepisse
1609 2307 1752 2346 tradunt,

1683 2371 1751 2392 ΠΓἾΠ
