2023 2656
214 162 275 200 388
328 152 449 190 Lib.V.
459 151 600 187 c.XX1.
775 150 942 186 VERSIO
968 144 1081 185 AN=Tss
1108 149 1227 186 LIBRI
1249 150 1417 187 PROCLI
1505 158 1508 160 ’
1599 149 1937 184 νῡῑΝΠῐ-Ραθιι-Ψύ

219 258 386 285 natorum.
441 243 585 295 Qando
612 253 721 280 autem
746 244 859 280 multis
884 244 1010 279 entibus
1037 242 1153 278 talibus
1176 244 1256 279 haec
1283 241 1422 292 quidem
1447 243 1503 289 [if]
1531 243 1655 293 aliquid
1691 244 1781 281 aliud
1815 242 1939 289 ferunt,

217 302 296 336 haec
322 308 431 334 autem
457 295 566 340 aliud3
617 305 695 345 puta
720 297 801 331 haec
828 294 964 343 quidem
996 297 1270 342 corruptionem,
1323 297 1403 329 haec
1437 306 1545 330 autem
1577 294 1792 331 saluationem
1825 308 1939 345 aegro-

216 354 383 392 tantium,
436 348 545 398 qualia
578 351 687 396 vtique
721 345 900 383 secundum
938 357 1202 394 vnamquamque
1235 344 1406 380 historiam
1439 346 1484 380 est
1517 345 1624 382 dicere
1665 349 1700 382 in
1740 345 1940 383 factionibus

217 401 409 438 coelestium
436 403 469 434 in
497 411 576 440 nos,
631 409 708 434 tunc
735 408 766 433 et
799 395 884 432 sacra
919 396 989 431 talis
1022 393 1162 430 addudta
1196 392 1295 430 soluit
1328 406 1384 431 eos
1416 401 1474 445 qui
1507 410 1525 430 a
1558 394 1756 432 laedentibus
1791 397 1944 432 defluunt

216 457 255 489 iis
283 465 366 502 quae
394 465 412 486 a
444 450 692 499 proficientibus
726 449 841 489 nobis,
893 457 984 482 vtens
1017 449 1236 495 cooperatiuis
1268 448 1451 482 virtutibus.
1506 450 1548 482 Et
1584 446 1686 483 futuri
1721 448 1942 490 consideratio

216 516 374 553 magnam
401 503 497 538 habet
524 510 649 548 partem
676 502 711 534 in
738 497 923 540 effefflbus‚
976 508 1007 533 et
1034 498 1178 533 totaliter
1201 498 1257 532 hic
1281 495 1322 536 τὲ
1356 501 1392 533 in
1423 498 1518 533 nobis
1550 508 1606 534 aut
1639 502 1679 533 iis
1711 496 1833 540 causis,
1858 517 1861 519 ·
1885 509 1951 535 aut:

217 556 287 591 aliis
316 553 572 597 mordinatum,
620 550 700 586 ficut
727 553 762 585 in
789 550 973 585 verberibus
999 547 1096 597 super
1122 550 1254 584 anetum
1280 548 1328 594 sui
1357 547 1453 597 ipsius
1475 560 1570 585 motu
1603 550 1734 585 exhibet
1759 549 1941 599 aliquando

216 605 353 656 quidem
378 604 501 644 alium,
554 599 734 651 aliquando
762 611 871 636 autern
898 600 1001 636 alium
1026 601 1141 636 finem.
1192 602 1233 635 Et
1259 600 1326 636 hoc
1353 600 1433 636 scito
1463 599 1503 636 de
1532 604 1569 636 iis
1604 614 1686 649 quae
1719 611 1810 637 extra
1843 601 1954 647 fiunt-7
2012 625 2015 630 ·

215 658 347 706 Vbique
373 665 482 691 autern
509 652 637 689 rursum
664 650 750 688 illud
775 652 989 701 praeexistere
1015 650 1112 692 dico,
1165 649 1287 686 scilicet
1322 651 1454 702 qualem
1487 655 1648 701 impetum
1683 661 1714 687 et
1741 653 1940 688 elefflouem
1984 644 1998 654 *⁸

216 709 467 745 charadterizare
493 704 534 743 vro*
562 708 596 741 in
623 705 736 745 nobis7
790 713 822 738 et
848 700 910 738 effe
936 704 1004 738 hoc
1027 706 1154 737 animae
1181 714 1266 749 opus
1282 704 1329 738 vin
1361 701 1426 750 ipsa
1460 715 1612 746 manens,
1667 701 1870 739 inecferibile
1903 706 1941 738 in

215 756 416 797 vniuersum.
470 759 513 792 Iis
541 760 643 804 igitur
670 752 926 803 consequenter,
981 764 1013 789 vt
1034 755 1122 788 mihi
1149 751 1300 794 videtur,
1350 752 1417 801 ipse
1450 754 1608 802 gubernat
1641 758 1753 790 onmia
1785 751 1940 790 animalia

216 821 248 846 et
269 823 331 846 nos
356 819 387 844 et
412 807 476 843 alia
501 806 680 843 secundum
706 804 954 842 subinissionem
977 805 1096 840 habere
1122 807 1224 839 vitam
1250 804 1290 839 ab
1318 808 1391 839 ae're
1419 803 1527 839 datam
1562 815 1592 840 et
1621 819 1637 839 3
1663 809 1769 853 prima
1800 806 1936 847 latione,

215 865 253 897 in
287 861 410 896 cerebri
443 858 578 907 quidem
611 867 701 906 parte
736 856 950 898 rationalem,
1001 859 1037 892 in
1072 854 1244 891 senfitoriis
1280 866 1391 890 autem
1426 855 1564 890 eandem
1599 858 1684 893 hanc
1718 855 1938 905 innascentem

214 915 300 947 circa
328 910 389 946 alia
423 919 455 944 et
487 910 550 944 alia
583 907 761 948 sensibilia,
815 916 966 941 vocatam
997 905 1143 947 sensum,
1197 905 1302 941 visum
1341 916 1468 947 autem,
1521 906 1670 942 auditum
1706 919 1760 942 aut
1794 906 1949 956 aliquem*

213 963 424 1011 reliquorum
459 970 614 1009 tanquam
644 957 792 995 subiectis
828 955 1055 1000 differentem,
1108 970 1212 994 vnum
1245 968 1353 993 autem
1388 968 1420 992 et
1455 956 1662 994 differentem
1695 957 1877 995 secuudum
1906 956 1941 995 se

213 1022 336 1053 entem,

378 1118 496 1154 XXXI.
549 1116 642 1152 Haec
668 1124 778 1151 autem
801 1112 937 1151 audiens
960 1123 991 1149 te
1017 1110 1244 1155 ordinantem,
1297 1115 1419 1150 mirum
1448 1112 1629 1150 existimaui
1658 1111 1682 1150 si
1707 1108 1939 1162 philosophiae

213 1178 340 1205 amator
367 1179 399 1204 et
423 1167 698 1203 intelleetualium
724 1165 1006 1214 speculationum,
1059 1175 1089 1200 et
1117 1164 1197 1214 quid
1224 1165 1299 1200 dieo
1329 1167 1622 1206 intellectualium,
1675 1164 1729 1200 sed
1766 1174 1797 1199 et
1824 1174 1938 1212 exp'er·

213 1231 263 1256 tus
291 1233 403 1255 earum
430 1232 513 1268 quae
539 1216 718 1253 secundum
742 1216 963 1252 eruditionem
990 1219 1132 1257 viarum,
1186 1225 1216 1250 et
1241 1220 1442 1263 geometriae
1470 1226 1501 1251 et
1523 1218 1744 1252 arithmeticae
1771 1218 1936 1250 inuentio-

211 1285 312 1312 num,
367 1269 444 1305 dein
471 1279 599 1304 tantum
624 1268 795 1303 attribuisti
822 1266 984 1308 sensibuS,
1037 1276 1071 1301 vt
1099 1268 1265 1302 rationalis
1291 1268 1419 1302 nostrae
1446 1267 1634 1302 substantiae
1671 1278 1702 1301 et
1734 1266 1938 1302 intellediua-

211 1323 271 1359 lis,
323 1335 393 1357 non
419 1320 510 1356 idola
536 1323 631 1355 huius
660 1318 798 1358 debilia,
853 1328 884 1353 et
910 1331 968 1365 per
995 1315 1114 1352 debilia
1142 1330 1265 1365 organa
1292 1321 1346 1352 vix
1375 1322 1538 1367 tangentia
1565 1315 1801 1367 cognoscibilia
1829 1317 1937 1351 dicas:

212 1372 268 1409 sed
300 1372 403 1420 ipsam
437 1371 530 1406 illam
562 1368 743 1406 secundum
773 1366 1078 1404 subdescensionem
1112 1365 1217 1403 faustos
1249 1369 1380 1416 aliquali
1415 1369 1482 1404 sola
1513 1379 1718 1418 organorum
1752 1365 1938 1403 diuerfitate

213 1421 382 1459 distinctos
410 1423 449 1457 ab
478 1425 622 1457 inuicem
649 1430 680 1455 et
714 1421 753 1454 ab
786 1419 855 1455 illa.
907 1421 948 1454 Et
979 1416 1114 1467 quidem
1145 1430 1200 1453 aut
1233 1419 1350 1454 alicubi
1385 1431 1416 1455 et
1448 1423 1538 1467 prius
1569 1418 1790 1460 ostendimus,
1842 1415 1933 1456 sensu

212 1474 351 1523 quidem
378 1476 474 1508 omni
504 1471 707 1520 inseparabili
735 1485 752 1504 a
779 1470 973 1518 corporibus
1004 1480 1096 1510 ente,
1148 1479 1180 1504 et
1205 1469 1245 1504 ad
1278 1468 1415 1518 seipsum
1449 1472 1598 1506 conuerti
1632 1474 1837 1519 impotente,
1885 1483 1932 1505 ra·

212 1526 331 1560 tionali
359 1533 468 1559 autem
494 1523 552 1558 illa
578 1534 608 1558 et
634 1521 847 1558 intellctstuali
882 1525 947 1556 vita
979 1518 1010 1555 se
1044 1519 1223 1570 ipsamque*
1246 1521 1448 1570 cognoscere
1478 1533 1550 1571 apta
1586 1531 1682 1564 nata,
1732 1531 1763 1556 et
1796 1531 1933 1569 propter

210 1575 259 1612 sui
294 1575 394 1624 ipsius
425 1577 655 1623 cognitionem
685 1572 725 1608 ad
756 1571 888 1621 seipsam
921 1581 1131 1607 conuertere:
1183 1575 1259 1621 quia
1294 1582 1326 1607 et
1362 1586 1461 1608 omne
1503 1576 1713 1622 cognitiuum
1751 1571 1932 1608 secundum

209 1630 442 1675 operationem
474 1623 671 1660 conuersum
705 1622 749 1658 est
780 1622 822 1659 ad
853 1621 1096 1672 cognoscibile,
1149 1636 1249 1672 quare
1275 1634 1308 1659 et
1345 1622 1440 1673 quod
1478 1623 1525 1660 sui
1565 1622 1664 1672 ipsius
1703 1621 1744 1658 ad
1783 1620 1932 1672 seipsum.

210 1678 354 1725 Qalem
381 1681 482 1725 igitur
508 1674 598 1710 vides
625 1674 855 1710 intellectualis
882 1677 1009 1709 animae
1035 1683 1066 1708 et
1092 1672 1260 1709 senfitiuae
1286 1673 1509 1716 identitatem,
1562 1677 1630 1710 eius
1665 1687 1746 1723 quae
1776 1672 1931 1710 deor-firm

208 1728 357 1778 respicit,
410 1726 451 1762 ad
479 1740 551 1761 eam
578 1739 660 1776 quae
684 1724 806 1761 sursum
834 1724 981 1761 tendit?·
1011 1727 1051 1760 In
1076 1735 1228 1760 totorum
1253 1728 1413 1774 principia
1445 1724 1632 1774 con-sepulta
1659 1728 1695 1760 in
1721 1725 1929 1773 corporibusq
1964 1748 1965 1752 ,

207 1778 248 1814 ad
275 1793 346 1814 eam
373 1792 455 1828 quae
480 1792 562 1827 pura
588 1777 632 1812 est
655 1791 672 1811 a
700 1777 920 1825 corporibus,
960 1778 995 1811 in
1022 1779 1059 1810 iis
1085 1789 1169 1824 quae
1195 1775 1374 1811 secundum
1397 1787 1526 1812 naturas
1554 1777 1821 1824 operationibus,
1860 1779 1930 1815 eius

208 1843 290 1879 quae
317 1843 480 1879 nusquam
505 1832 676 1865 veritatem
701 1826 901 1877 cognoscere
925 1827 1050 1876 potest,
1102 1826 1143 1862 ad
1171 1840 1243 1863 eam
1270 1839 1353 1877 quae
1376 1827 1502 1878 semper
1525 1827 1664 1864 intendit
1694 1826 1736 1862 ad
1761 1829 1857 1868 Ense*

373 1929 439 1980 [if]
490 1934 625 1971 XXXII,
674 1932 705 1966 Si
727 1937 836 1967 autem
861 1944 932 1967 non
958 1927 1091 1972 fi·ustra‚
1142 1944 1251 1980 neque
1277 1934 1313 1967 in
1338 1931 1405 1968 alio
1430 1932 1544 1983 aliquo
1572 1934 1629 1982 qui
1657 1927 1835 1966 secundum
1869 1931 1930 1966 nal

204 1993 312 2019 turam
336 1988 496 2031 appttitus
522 1995 554 2019 et
581 1983 768 2019 sortientem
795 1981 996 2033 quandoque
1022 1985 1172 2024 veritate,
1225 1982 1296 2018 sino
1321 1983 1430 2018 dicere
1456 1983 1548 2033 quod
1576 1992 1607 2018 et
1638 1981 1846 2017 substantiam
1878 1980 1925 2016 di-

203 2037 298 2069 vinae
325 2037 451 2070 animae
477 2036 516 2070 ab
543 2036 671 2070 aethere
695 2033 839 2070 defluere
866 2036 1122 2074 inconueniens,
1175 2033 1199 2069 fi
1227 2044 1359 2082 oportet
1385 2034 1583 2083 impofi'ibile
1610 2035 1857 2069 inconueniens-
1874 2032 1923 2067 di-

205 2098 288 2120 cere.
342 2088 435 2134 Qae
464 2086 600 2134 quidem
628 2088 716 2120 enim
749 2086 789 2120 ab
821 2087 949 2120 aethere
982 2088 1127 2126 animae,
1182 2098 1377 2133 corpoream
1403 2088 1652 2134 generationem
1676 2083 1806 2119 sortitae
1832 2081 1925 2118 sunt:

203 2139 349 2170 animam
373 2145 483 2172 autem
511 2136 710 2172 demonstrat
740 2146 771 2170 et
795 2135 1042 2171 Atheniensium
1070 2148 1173 2170 xenus
1200 2137 1393 2183 corporibus
1426 2136 1580 2171 omnibus
1613 2143 1722 2170 entem
1747 2133 1920 2171 seniorem.

203 2188 239 2220 Si
265 2196 372 2221 autern
401 2190 510 2235 vtique
536 2200 606 2222 non
631 2200 750 2235 corpus
778 2189 941 2223 aetherem
969 2186 1145 2235 intelligiS,
1197 2186 1251 2222 sed
1277 2186 1479 2222 inteiledtum
1507 2189 1714 2227 aethereum,
1768 2195 1822 2220 aut
1851 2188 1920 2221 ani-

200 2250 292 2271 mam
320 2237 574 2273 inteiledtualem
597 2240 726 2274 aethera
757 2237 1077 2280 circumducentem3
1129 2251 1235 2287 neque
1267 2236 1311 2272 fic
1346 2240 1429 2273 mihi
1464 2237 1582 2273 videris
1617 2235 1814 2272 veri-filinam
1846 2250 1919 2272 cau·

199 2286 268 2323 {am
295 2286 453 2323 inuenisse
479 2292 615 2324 animae.
671 2289 764 2326 Alius
791 2293 880 2325 enim
903 2288 978 2324 fons
999 2292 1196 2330 animarum,
1224 2303 1240 2323 a
1269 2301 1337 2338 quo
1366 2297 1396 2324 et
1422 2291 1588 2325 aethereae
1615 2292 1755 2334 animae,
1782 2297 1921 2337 etffquae

202 2351 319 2375 eorum
359 2352 440 2389 quae
471 2338 529 2376 sub
562 2340 642 2376 luna
674 2341 939 2391 elementorum,
988 2350 1019 2377 et
1055 2339 1246 2377 daeinoniae
1286 2343 1434 2384 aniame,
1484 2352 1516 2376 at
1551 2353 1633 2376 nos:
1685 2348 1718 2374 et
1749 2337 1792 2375 ad
1824 2340 1921 2375 illam-¹

1783 2400 1920 2438 oportet
