2023 2656
641 802 1331 858 PRAEFATIO.

115 965 330 1066 Mnum
342 1016 424 1058 hoc
442 1015 705 1056 bibliothecae
729 1018 899 1063 graecae
913 1012 1123 1059 volumen,
1153 1013 1263 1064 quod
1288 1013 1428 1062 sterius,
1456 1010 1574 1068 quam
1597 1017 1849 1070 sperauerant,

113 1135 239 1177 neque
256 1132 385 1162 tamen
401 1122 441 1161 id
458 1134 544 1161 mea
565 1120 677 1174 culpa
694 1119 840 1161 facium
858 1120 932 1170 est,
959 1133 1008 1160 ex
1026 1133 1179 1161 carcere
1193 1119 1298 1176 quasi
1324 1124 1534 1173 emittitur,
1570 1127 1702 1165 omnia
1726 1127 1849 1166 conti-

113 1235 178 1274 ne't
199 1234 344 1287 capita,
380 1244 478 1287 quae
499 1230 701 1272 volumine
718 1232 849 1272 offlano
871 1202 1085 1272 secundutn
1107 1241 1279 1273 veterem
1301 1233 1527 1286 editionem,
1566 1245 1716 1288 praeter
1738 1216 1852 1291 catiut

111 1343 312 1399 quondam
324 1346 462 1384 XVIII.
480 1343 529 1383 de
551 1341 759 1399 Themzstio
772 1341 1020 1396 Euphrade,
1049 1343 1089 1383 in
1107 1356 1209 1384 noua
1226 1343 1400 1384 editione
1417 1345 1495 1385 iam
1515 1346 1556 1386 in
1574 1346 1653 1390 vol.
1679 1349 1742 1390 VI.
1766 1361 1851 1402 pag:

111 1464 204 1506 790,
220 1454 299 1508 sqq.
322 1468 343 1494 a
359 1467 422 1494 me
437 1452 666 1507 repositum,
696 1464 805 1494 erant
822 1453 918 1494 olim
936 1468 955 1494 a
976 1449 1167 1494 Fabricio
1184 1454 1364 1509 explicita
1381 1455 1676 1508 diligentiffime.
1737 1444 1852 1508 Nam,

113 1572 155 1603 vt
179 1564 364 1617 caput-de
387 1563 600 1618 Gregorio,
623 1563 818 1620 Nysſswlo,
848 1565 956 1618 quod
975 1566 1014 1603 in
1039 1561 1276 1617 praefatione
1299 1567 1349 1607 ad
1373 1558 1562 1607 volumen
1587 1571 1680 1608 V111.
1701 1581 1785 1622 pag.
1802 1570 1848 1608 V.

112 1675 352 1729 scripseram,
380 1676 421 1714 in
439 1673 509 1715 illo
527 1673 727 1715 volumine
752 1687 816 1714 me
840 1646 1002 1724 dedisse,
1031 1683 1125 1716 tunc
1150 1676 1441 1726 excluderetur,
1465 1687 1505 1717 et
1527 1678 1567 1717 in
1588 1677 1666 1719 hoc
1686 1680 1851 1720 demum

115 1785 441 1826 voluminesuum
456 1785 652 1826 obtineret
674 1784 830 1834 locum,
861 1783 1033 1825 fecerant
1055 1790 1242 1840 temporis
1268 1788 1454 1842 spatiique
1474 1789 1676 1841 angustiae,
1739 1791 1851 1840 Qto-

115 1909 203 1936 rum
221 1907 316 1934 vero
330 1893 539 1934 hominum
555 1897 655 1934 vitae
674 1894 889 1948 scriptaque
906 1904 945 1934 et
967 1894 1064 1944 alia,
1093 1909 1194 1950 quae
1217 1897 1266 1937 de
1290 1899 1335 1938 iis
1360 1898 1456 1937 stitu
1481 1897 1664 1952 diciuque
1684 1897 1850 1938 necessa-

117 2006 170 2045 ria
205 2004 445 2053 viderentur,
475 2003 661 2058 (namque
691 2004 731 2041 in
763 2002 950 2055 capitibus
980 2005 1030 2044 de
1061 1998 1310 2058 scriptdribus
1339 2005 1597 2047 ecclefiasticis
1630 2006 1853 2048 vberiorem

117 2127 254 2155 eorum
272 2112 463 2162 fatorum,
493 2114 667 2167 inprimis
681 2111 915 2167 placitorum
933 2126 1190 2168 errorumque
1210 2125 1325 2171 atque
1347 2115 1718 2161 controuerfiarum,
1749 2118 1852 2158 haud

121 2234 207 2262 raro
226 2222 423 2264 inutilium
441 2233 479 2264 et
506 2225 717 2269 atrocium,
747 2224 839 2264 inde
865 2233 1061 2274 ortarum,
1085 2234 1122 2264 et
1150 2225 1344 2266 interdum
1369 2240 1438 2281 per
1458 2227 1567 2282 plura
1584 2192 1763 2275 &cum-
1783 2240 1856 2267 nec

1054 2346 1075 2371 a
1105 2344 1128 2372 2
1770 2349 1857 2379 talto
