2023 2656
200 153 262 185 422
312 136 596 179 Lie.V.c.XXJ.
698 138 902 175 PROCLVS
938 139 988 175 IN
1021 138 1278 175 PLATONEM
1303 140 1365 175 DE
1392 139 1489 179 REP.
1593 137 1924 185 QH·P·3²⁶—523

205 237 248 271 ad
265 237 556 282 interpretationem
571 246 677 270 rerum
690 234 886 268 naturalium
898 261 908 274 ,
935 234 1002 276 (his
1017 231 1102 268 adde
1118 235 1216 268 etiam
1232 232 1387 275 diuinas‚)
1415 231 1604 282 consugiffe,
1629 240 1661 268 et
1687 233 1816 269 dedecus
1829 232 1927 279 suum

205 290 333 336 iugenio
351 284 550 333 obumbraffit,
572 284 651 327 fiue,
667 296 700 321 vt
717 285 858 320 Arnobii
885 284 990 319 verbis
1013 294 1101 325 vtar,
1137 297 1197 332 quo
1211 283 1411 331 firiptorum
1421 283 1558 331 suorum
1579 284 1931 330 impiam'defendermt

207 340 369 374 audaciam
381 366 392 380 ,
416 339 583 386 allegorias
596 350 647 372 res
662 338 732 371 illas
746 343 776 370 et
791 336 952 370 naturalis
957 334 1109 381 scientiae
1124 337 1249 370 mentiti
1252 335 1338 381 fient
1358 333 1414 382 ff
1427 335 1588 370 doffrinas
1605 335 1662 373 lib,
1686 338 1744 372 IV.
1766 348 1842 384 pag.
1864 345 1933 379 150.

209 390 367 425 Clemens
384 391 424 425 X.
441 391 601 437 recognit.
619 401 651 436 p.
669 395 740 433 539.
771 387 892 432 Orphei
905 393 935 421 et
950 387 1078 436 Hesiodi
1082 386 1210 434 scripta
1226 389 1258 420 in
1273 387 1475 440 duas-partes
1488 386 1715 434 intelligentiae
1730 387 1934 425 diuiduntur,

208 442 245 477 id
259 440 320 487 est,
333 440 505 487 seczmdum
522 441 661 474 litteram
676 438 887 484 etsecundum
901 439 1093 485 allegoriam.
1152 439 1203 473 Et
1218 438 1262 471 ad
1281 451 1315 472 ea
1334 438 1473 485 quidem,
1507 449 1585 484 quae
1597 437 1772 483 secundum
1792 437 1933 472 litteram
1978 463 1989 469 s
2022 424 2023 432 ἵ

202 492 306 539 sunt,
331 492 481 540 ignobilis
493 491 583 538 vulgi
598 492 692 524 turba
709 490 879 536 confluxit,
907 502 941 524 ea
958 501 1041 529 vero,
1063 502 1142 536 quae
1147 489 1322 536 secusdum
1343 490 1529 536 allegoriam
1550 487 1712 534 conflant,
1746 490 1847 523 omni?
1862 488 1934 533 plri-

213 543 411 588 losoplzorum
430 549 459 576 et
481 543 675 576 eruditorum
692 542 865 587 loquacitas
884 542 1044 583 admirata
1060 539 1113 586 est.
1137 550 1140 553 ·
1173 538 1263 574 Illius
1285 539 1456 588 allegorici
1479 539 1534 585 [if]
1563 537 1668 574 sensus
1692 537 1856 587 specimen
1878 549 1936 573 eo·

212 592 290 629 dem
303 593 389 628 libro
410 590 633 640 subiungitur,
660 594 713 626 cui
734 589 883 626 addenda
899 590 1038 626 homilia
1056 588 1138 626 sexta
1152 591 1440 626 Clementiam-um
1454 604 1485 639 p.
1505 592 1580 633 664.
1597 589 1657 640 seq.
1674 591 1751 626 edit.
1767 592 1840 625 loh.
1860 589 1935 624 Cle-

209 647 283 683 rici.
336 642 422 678 Vide
437 653 467 678 et
482 645 733 678 Nazianzenus-az
749 644 839 678 Orat.
854 644 912 680 111.
927 640 983 676 sub
1006 654 1208 682 extremum,
1246 642 1298 676 vbi
1320 641 1528 689 reprehendit
1557 642 1729 689 ethnicos,
1769 639 1862 689 saepe
1878 638 1936 675 sub

213 707 331 746 parum
346 693 489 730 honestis
506 704 538 728 et
556 692 742 742 turpissimis
758 694 955 742 imaginibus
972 706 1085 728 arcana
1098 692 1152 728 sua
1171 692 1383 728 occultante&
1435 695 1501 740 Qi
1524 705 1602 727 vero
1624 703 1734 740 poetas
1761 706 1799 727 ac
1818 690 1935 739 specia-

214 749 275 781 tim
291 748 480 780 Homerum
499 744 539 780 ad
554 748 698 781 ethicum
718 755 749 779 et
765 744 937 792 physicum
961 742 1088 779 sensum
1110 757 1264 779 reuocare
1284 754 1418 779 conatus
1441 743 1504 783 est,
1539 746 1666 790 primus
1692 741 1786 779 fuisse
1808 740 1938 777 videtur

215 799 428 845 Anaxagoras
445 809 521 832 cum
536 796 708 844 discipulo,
721 795 936 836 Metrodoro,
956 793 1192 843 Lampsaceno,
1221 794 1261 830 de
1276 795 1394 843 quibus
1405 796 1557 829 Laertius
1571 797 1612 829 11.
1631 805 1673 829 11.
1691 809 1729 831 ac
1747 794 1789 830 de
1809 795 1937 829 Metro-

213 846 302 883 doro
319 852 416 882 etiam
437 849 594 882 Tatii-mm
611 860 642 894 p.
657 853 710 885 80.
764 845 911 890 Confer,
940 860 1022 895 quae
1036 848 1212 896 Menagius
1227 845 1268 881 ad
1290 846 1387 881 illum
1410 848 1527 881 Laertii
1547 846 1663 880 locum
1685 856 1717 881 et
1736 845 1778 880 de
1793 845 1935 883 Cronio,

214 901 448 947 pythagorico,
468 900 670 946 Porphyrius
683 895 768 945 apud
785 899 1012 945 Stobaeum'p.
1029 910 1092 942 152.
1118 899 1236 947 Eclog.
1249 899 1397 945 inprimis
1421 897 1511 931 Plato
1539 906 1677 932 conatus
1694 895 1759 938 est,
1785 895 1939 942 allegori-

216 952 261 984 cis
286 946 470 984 fabularum
489 947 630 984 sensibus
651 947 800 996 quaesitis
826 948 957 983 illarum
982 948 1213 984 absurditatem
1236 959 1402 996 vtcunque
1424 948 1620 994 abstergere:
1655 946 1743 983 vnde
1763 946 1852 982 Guil.
1876 946 1939 980 Ni·

215 999 399 1046 dwlfonus,
427 1001 618 1042 Platonem,
645 1001 708 1040 ait,
736 1001 820 1033 inter
831 1001 956 1047 primos
976 997 1086 1040 fuiffe,
1114 1003 1170 1048 qui
1192 1014 1228 1034 as
1250 1001 1287 1035 ale
1312 999 1467 1036 Condoms
1489 998 1532 1043 of
1544 999 1744 1047 Pagamsm,
1783 1007 1939 1046 tanquam

215 1047 360 1088 Boll'ueti
380 1051 514 1100 quidam
530 1052 666 1099 pagani,
694 1051 894 1097 Aethiopem
912 1049 1060 1087 dealbare
1081 1060 1112 1086 et
1129 1050 1244 1086 insulsa
1267 1060 1456 1086 comm-ita
1478 1047 1632 1092 suorum,
1666 1051 1859 1098 excogitatis
1877 1049 1938 1083 ho·

218 1101 314 1137 uestis
329 1103 663 1151 interpretationibuS,
679 1100 905 1136 verisimiliora
919 1100 1056 1137 reddere
1072 1101 1314 1142 adlaborarunt,
1342 1112 1432 1150 parte
1455 1104 1495 1136 11.
1521 1100 1632 1140 collat,
1653 1115 1730 1137 cum
1751 1099 1887 1135 Theissa
1906 1111 1938 1146 p.

219 1165 273 1196 42.
291 1151 354 1201 seq.
377 1155 524 1189 Socrates
545 1163 653 1187 tamen
672 1150 738 1200 ipse
755 1151 840 1199 apud
858 1153 1030 1188 Platonem
1046 1157 1079 1188 in
1094 1153 1239 1188 Phaedro
1255 1163 1364 1201 negat,
1394 1151 1450 1187 fibi
1466 1150 1529 1187 esse
1545 1156 1664 1194 otium,
1692 1154 1840 1187 vniuersa
1854 1147 1941 1188 ἄπι-

185 1243 198 1257 ’
219 1218 269 1245 ςοι
286 1202 472 1239 fabularum
499 1201 538 1236 ad
557 1206 812 1238 conuenientem
834 1201 959 1238 sensum
981 1203 1152 1239 deducere.
1214 1205 1316 1253 Qod
1343 1202 1579 1237 difficillimum
1601 1206 1680 1238 item
1704 1200 1766 1238 esse
1788 1201 1941 1237 adfirmat

219 1255 336 1291 Strabo
350 1254 436 1289 libro
455 1253 596 1288 decimo.
648 1255 689 1288 Et
708 1256 818 1301 paucis
831 1256 974 1289 omnino
987 1254 1069 1290 locis
1082 1269 1119 1290 ac
1135 1258 1190 1290 vix
1205 1256 1313 1289 obiter
1328 1254 1420 1288 Plato
1438 1254 1504 1288 hoe
1518 1251 1607 1294 fecit,
1635 1254 1833 1302 dumpoetas
1843 1256 1941 1288 etiam

220 1306 367 1342 exsulare
386 1303 472 1340 iussit
488 1317 505 1339 e
521 1303 575 1340 sua
590 1318 657 1353 rep.
674 1306 823 1339 iuniores
837 1317 915 1340 vero
933 1305 1104 1348 Platonici,
1137 1315 1233 1355 atque
1249 1309 1283 1340 in
1299 1307 1351 1340 his
1367 1305 1520 1345 Procius,
1546 1317 1646 1340 omne
1662 1308 1832 1353 ingenium
1846 1302 1940 1339 suum

222 1370 264 1392 eo
279 1355 530 1404 impenderunt,
557 1365 591 1390 vt
604 1353 832 1390 abstruffifima
849 1369 998 1404 quaeque
1014 1355 1172 1405 dogmata
1188 1356 1229 1391 de
1245 1356 1338 1391 rebus
1359 1354 1478 1390 diuinis
1493 1355 1550 1391 sub
1566 1356 1623 1391 illo
1644 1354 1830 1392 fabularum
1855 1354 1939 1396 vela-

220 1411 314 1444 mine
329 1406 514 1442 delitescere
533 1405 753 1441 ossenderent.·
803 1408 856 1440 De
869 1409 988 1447 Stoicis
1003 1409 1119 1442 audior
1135 1407 1177 1443 est
1197 1410 1316 1443 Cicero
1335 1409 1359 1441 Ι.
1384 1405 1424 1440 de
1439 1417 1551 1442 natura
1566 1410 1729 1448 Deorum,
1756 1409 1940 1446 Zenonem,

222 1457 468 1507 Chrysippum,
506 1459 696 1506 Diogenem
717 1456 956 1500 Babylonium,
989 1458 1139 1507 aliosque
1154 1457 1285 1494 fabellas
1301 1456 1463 1499 Hesiodi,
1491 1461 1699 1507 Homerique
1719 1457 1758 1492 ad
1772 1456 1944 1506 physiolo-

223 1513 325 1559 giam,
344 1521 376 1544 et
385 1522 433 1549 ea,
450 1521 534 1557 quae
544 1507 585 1542 de
600 1511 671 1544 Diis
687 1508 929 1543 immortalibus
943 1508 1001 1557 ipsi
1011 1507 1200 1551 sentiebant,
1217 1507 1470 1544 accommodare
1480 1507 1646 1545 studuisse:
1662 1509 1744 1544 adde
1758 1510 1946 1556 ,Menagium

225 1558 268 1596 ad
281 1563 386 1596 Laert.
400 1562 476 1596 Vll.
493 1565 562 1602 148.
588 1562 630 1594 Et
645 1557 685 1594 de
709 1560 884 1607 Porphyrii
902 1559 991 1595 libro
1015 1561 1093 1609 περὶ
1106 1560 1167 1604 τῆς
1193 1559 1462 1610 οἰὶληγοξεμένης
1484 1557 1639 1603 Ἑλλήνων
1659 1563 1719 1610 ’teti
1744 1561 1946 1607 Αἰγυπτίων

225 1612 423 1659 &sommiu-
435 1612 607 1646 Patauium
620 1623 650 1658 p.
668 1616 722 1649 88.
745 1609 786 1644 ad
801 1609 979 1645 Iulianum.
1030 1613 1195 1647 IWclraeIis
1208 1612 1308 1659 Psclli
1322 1611 1511 1659 oe'voe‘yw'yoei
1534 1612 1672 1660 physico
1688 1612 1830 1647 morales
1846 1614 1881 1646 in
1896 1607 1942 1645 fa-

224 1662 316 1698 bulas
339 1660 495 1711 quasdem
517 1674 631 1710 graece
658 1661 763 1696 editae
785 1673 803 1695 a
828 1663 933 1697 Conr.
951 1660 1096 1698 Gesnero
1120 1662 1161 1698 ad
1181 1663 1304 1698 calcem
1336 1662 1569 1711 allegoriarum
1591 1662 1777 1699 Heraclidis
1802 1664 1944 1700 Pontici.

225 1714 412 1751 Alexander
431 1716 466 1748 in
483 1713 696 1762 problematis
712 1725 743 1760 p.
763 1723 831 1756 275.
857 1723 1021 1749 memorat
1036 1714 1161 1749 librum
1177 1713 1357 1750 secundum
1373 1714 1577 1764 οἰᾶιηγοςιτῖν
1599 1713 1665 1753 τῶν
1680 1714 1726 1752 εἷς
1746 1711 1833 1754 &sec
1856 1714 1942 1751 ‹iva—

224 1765 478 1812 πλαιττομένων
491 1763 626 1814 ἱ-τοςιῶν.
678 1761 865 1799 Aristoteles
879 1774 988 1799 autem
1002 1778 1119 1813 parum
1135 1768 1277 1801 omnino
1300 1764 1466 1801 vniuersae
1488 1768 1566 1801 huic
1586 1765 1730 1801 lubricae
1745 1767 1831 1801 circa
1855 1761 1948 1800 fabu-

225 1817 272 1853 las
288 1816 462 1852 industriae
476 1816 605 1859 tribuit,
629 1817 720 1850 cuius
734 1814 830 1849 verba
845 1816 924 1850 haee
940 1814 1013 1851 sunt
1030 1816 1086 1851 lib.
1108 1819 1168 1852 111.
1194 1818 1247 1861 (in
1267 1815 1463 1865 quibusdam
1477 1816 1566 1852 editt.
1582 1817 1638 1855 lib.
1655 1818 1696 1852 11.
1713 1829 1782 1865 cap.
1795 1818 1843 1861 4.)
1869 1817 1945 1852 Me·

221 1871 354 1916 taphyS.
382 1867 459 1914 περὶ
475 1866 541 1904 τῶν
562 1865 722 1914 μυθικῶς
739 1863 962 1913 σοφιζομένων
982 1867 1026 1906 ἐκ
1050 1863 1145 1916 οὲξιον
1163 1866 1261 1916 perot*
1283 1864 1416 1912 σπεδῆς
1436 1867 1583 1907 σκοπεῖν.
1641 1867 1767 1903 Eadem
1789 1866 1946 1905 sententia

224 1921 380 1967 Epicuri,
405 1928 439 1953 vt
454 1915 552 1952 docet
566 1917 712 1952 Velleius
724 1915 813 1966 apud
827 1918 1037 1959 Ciceronem,
1055 1920 1185 1954 Stoicos
1202 1918 1328 1962 ridens;
1353 1918 1498 1955 cuiadde
1506 1918 1696 1966 Gaffendum
1719 1916 1761 1953 ad
1779 1918 1847 1954 hoc
1863 1920 1943 1967 Epi-

224 1973 297 2006 curi
315 1968 355 2004 de
368 1968 508 2017 sapiente
526 1965 661 2003 effatum
676 1967 764 2016 apud
780 1971 963 2006 Laertium:
991 1970 1043 2015 [if]
1067 1966 1151 2018 land&
1164 1967 1340 2010 πλάττειν
1355 1968 1489 2010 ἑκὸντοι.
1541 1969 1651 2006 Iudaei
1672 1979 1785 2005 tamen
1801 1978 1832 2005 et
1847 1971 1944 2005 Chri·

224 2020 319 2056 stiani
335 2020 469 2069 plurimi
482 2022 663 2054 etiamnum
678 2019 806 2056 malunt
818 2032 894 2055 cum
908 2019 1017 2056 stoicis
1033 2029 1064 2056 et
1077 2021 1252 2069 platonicis
1267 2036 1338 2058 non
1353 2031 1479 2057 tantum
1487 2019 1613 2057 sensum
1629 2020 1833 2061 historicum,
1845 2026 1848 2029 '
1859 2021 1945 2069 phy-

225 2071 330 2108 ficum
345 2085 383 2106 ac
394 2069 557 2105 moralem
573 2072 608 2105 in
629 2068 748 2106 fabulis
769 2070 833 2106 illis
855 2084 1029 2119 quaerere,
1062 2075 1108 2107 vti
1131 2071 1221 2108 haud
1241 2070 1379 2110 absurde
1401 2071 1494 2121 saepe
1516 2085 1657 2108 numero
1677 2069 1802 2107 faciunt
1823 2081 1947 2108 veteres

225 2124 443 2172 grammatici,
460 2130 491 2156 et
508 2120 720 2169 Palaephatus
732 2125 935 2157 cumeeteris
955 2123 1092 2163 οἱπίςων
1107 2121 1330 2172 scriptoribus,
1355 2125 1543 2159 Phornutus
1552 2123 1640 2159 libro
1656 2122 1698 2158 de
1713 2125 1797 2164 Diis,
1823 2131 1856 2159 et
1871 2123 1946 2159 alii:

224 2172 280 2210 sed
296 2185 431 2222 quoque
444 2170 569 2208 sensum
584 2174 771 2208 chemicum
786 2174 820 2207 in
839 2172 903 2208 illis
918 2172 1088 2222 ruspantur
1102 2184 1133 2209 et
1146 2175 1402 2224 astrologicum,
1427 2177 1579 2223 quinimo
1603 2173 1844 2223 theologicum.
1894 2175 1948 2210 Ex

226 2222 355 2260 Iudaeis
370 2222 505 2258 sufficiat
523 2220 706 2257 nominasse
720 2225 870 2258 Leonem
884 2225 1074 2260 Hebraeum
1089 2228 1125 2261 in
1141 2223 1283 2275 dialogis
1297 2224 1337 2260 de
1354 2238 1486 2266 amore,
1517 2225 1707 2275 castigatum
1721 2238 1743 2271 a
1760 2227 1823 2261 Iac.
1844 2225 1944 2260 Tho·

225 2272 626 2321 mafioinprogrammate
641 2275 693 2316 63.
711 2283 741 2308 et
755 2275 1009 2316 Emi-citatione,
1023 2288 1112 2311 anno
1129 2278 1223 2319 1676.
1255 2274 1353 2317 edita,
1371 2274 1411 2311 de
1428 2274 1615 2312 fabularum
1630 2278 1833 2324 poeticarum
1850 2279 1942 2313 vario

226 2323 328 2364 sensu.
381 2325 435 2359 Sic
448 2321 569 2359 Moseh
585 2322 725 2360 Albelda
736 2327 774 2361 in
789 2324 875 2361 libro
893 2326 1027 2372 Drafili
1041 2326 1132 2374 Mose
1154 2330 1251 2364 etiam
1271 2341 1310 2364 ex
1332 2326 1515 2365 talmudicis
1538 2325 1655 2364 fabulis
1678 2326 1855 2375 mysticum
1874 2325 1944 2363 sen-

1822 2375 1947 2427 'sum
