2023 2656
18 109 92 174 .<V⁰¹‘·
107 115 183 145 vm.
203 115 383 161 1’·⁸0<>.r.⁸0.1-
437 115 488 151 m
516 104 638 154 τὀΜ.
665 117 690 151 1.
713 112 955 151 amnonis
983 111 1296 162 LEQriNIANAE
1357 109 1652 149 urucam:
1704 117 1757 155 τις

30 224 68 248 21
96 211 176 261 Hae}
194 211 259 248 τᾶν
278 212 309 247 ἐν
327 210 418 249 niem
434 211 692 259 κεκοιμημένων,
721 205 814 247 {ivm
836 207 870 257 a}
890 207 972 258 ὑπὲρ
997 205 1111 247 αὐτ-εἶν
1131 205 1300 255 -γινέμενοη
1323 207 1515 256 aeremia,
1538 221 1594 252 χρη
1615 203 1755 251 semiim

129 259 241 303 ’τῗέτὸς
264 259 403 305 ivliano-tv·
458 264 513 298 De
529 265 588 303 iis,
615 265 670 309 qui
684 263 715 295 in
721 262 792 307 fide
810 263 1061 301 vitiorium-unt,
1094 260 1246 306 quomodo
1269 259 1358 303 mffis
1380 266 1409 293 et
1431 258 1646 305 eleemqfflnis,
1677 269 1754 305 quac

122 328 185 360 pro
202 315 265 348 illis
271 313 383 359 fiunt,
408 316 610 349 affirmentur.
664 314 704 347 In
723 312 892 348 codicibus
911 313 1007 347 MSS.
1029 321 1060 346 et
1079 324 1097 345 a
1118 310 1351 345 recentioribus
1374 312 1504 344 Graecis
1529 322 1652 357 magno
1676 322 1752 344 con-

103 370 106 374 '
128 363 220 401 sensu
234 366 285 403 10.
302 364 506 400 Damasceno
526 365 688 402 tribuitur,
743 366 879 412 Legitur
901 373 933 397 et
958 365 992 397 in
1016 360 1159 397 ecclesiis
1186 363 1390 396 Graecorum
1411 363 1586 408 quotannis
1610 360 1751 395 Sabbato

125 417 187 460 τῆς
210 413 387 466 vindicet-w,
415 416 481 451 siue
509 418 745 464 Carnispriuii‚
775 413 868 465 quod
890 412 1038 449 fidelium
1060 410 1297 447 defunctorum
1327 414 1640 446 commemorationi
1668 409 1751 446 dica-

125 479 214 504 runt.
275 469 409 503 Tamen
431 465 633 503 Dainasceno
657 464 912 500 abiudicandum
936 463 999 499 effe
1018 462 1225 499 contendunt
1249 465 1297 497 10.
1322 463 1481 509 Lmffbeus
1508 461 1548 496 de
1567 461 1672 496 limbo
1695 474 1750 510 pa-

125 529 213 554 trum
237 520 302 554 111.
326 531 371 554 12.
403 518 593 564 Fraucffcus
613 520 748 552 Sum-ez.
776 520 810 551 in
834 527 861 558 3.
884 517 1044 551 Thomae
1066 528 1121 564 qu.
1143 526 1191 559 52.
1212 516 1302 549 artic.
1325 520 1357 553 8.
1384 511 1466 562 disp.
1494 524 1544 557 45.
1566 511 1638 548 sect.
1665 524 1692 555 3.
1719 523 1751 548 et

126 572 207 605 Rob.
227 571 444 606 Bellarminitr
463 571 510 604 11.
534 575 565 608 8.
593 567 633 602 de
654 570 868 617 purgatori0‚
896 579 1040 615 quorum
1055 566 1130 601 loca
1145 569 1209 600 iam
1226 562 1344 599 adtulit
1361 566 1442 600 Rob.
1462 566 1561 601 Cocus
1583 566 1615 598 in
1638 561 1749 599 censu-

126 635 161 657 ra
178 620 374 669 scriptorum
389 634 422 669 p.
437 632 512 663 427.
532 617 597 668 seq.
651 620 725 654 Post
739 619 815 654 illos
833 619 956 654 Petrus
979 619 1144 654 Axwdius
1165 626 1279 652 contra
1300 615 1505 651 Barlaamum
1528 615 1569 650 de
1593 624 1750 663 purgato-

125 675 177 708 rio
200 685 233 720 p.
250 673 322 717 396.
348 682 378 706 et
394 682 470 714 402.
494 672 641 707 Affatius
658 670 699 706 de
716 670 807 706 libris
822 669 1039 705 ecclesiasticis
1054 671 1209 704 Graecor.
1225 681 1256 716 p.
1272 679 1344 709 270.
1360 664 1424 716 seq.
1453 676 1486 702 et
1508 669 1541 702 in
1556 664 1692 702 diatriba
1710 665 1750 701 de

126 722 329 758 Damas-:eno
346 736 378 771 p.
400 734 445 757 21.
472 737 509 758 ac
525 720 702 758 nouissime
714 723 889 769 Lequinim
907 724 942 756 in
955 719 1178 766 dissertatione
1199 721 1313 768 quinta
1335 716 1578 754 Damascenica.
1606 719 1650 761 ⁰³)
1701 719 1751 754 Ac

123 771 244 815 fateor,
271 787 342 809 non
356 773 614 810 contenmendas
630 772 693 809 effe
708 776 849 808 rationes
863 770 1083 807 dubitantium
1098 768 1341 807 etDamasceno
1356 770 1423 805 hoc
1436 768 1592 818 scriptum
1609 771 1749 817 eripien-

122 828 214 860 tium.
270 825 414 875 Qando
434 836 543 861 tamen
561 837 740 873 comparo,
768 837 851 872 quae
864 837 926 872 pro
944 823 1142 872 imaginibus
1156 820 1246 856 idem
1270 819 1490 857 Damascenus
1515 819 1655 868 scripsit:
1679 833 1748 855 ma-

123 880 173 926 gis
197 876 324 912 inclino
349 880 383 912 in
406 890 478 912 eam
502 876 710 918 sententiam,
743 876 919 925 Combcflsto
947 877 981 909 in
1006 873 1082 909 bibl.
1099 875 1350 909 concionatoria
1372 874 1471 907 etiam
1493 873 1688 920 probatam,
1712 880 1747 906 vt

128 926 369 964 Damascenum
385 930 555 963 auctorem
576 926 637 963 effe
653 928 736 963 mihi
756 925 976 975 persuadeam.
1032 926 1074 962 V
1069 933 1178 960 eterem
1199 925 1441 958 translationem
1463 925 1611 963 latinam,
1640 925 1748 971 inquit

93 976 99 982 ⁵
125 981 324 1028 Lequiniu8‚
350 993 442 1027 quam
451 979 586 1026 sanffus
608 981 745 1014 Thomas
766 978 981 1024 consuluerat,
1007 979 1142 1023 reperire
1155 988 1308 1022 nusquam
1328 977 1432 1020 potui.
1481 974 1593 1010 Aliam
1611 974 1745 1009 adorna-

126 1032 175 1065 vit*
196 1032 244 1065 10.
265 1030 543 1079 Oecolampadins
564 1037 594 1065 et
617 1031 766 1066 Com-ado
788 1031 986 1077 Peutingero
1011 1029 1205 1074 nuncupauit
1229 1041 1257 1061 a,
1279 1037 1368 1070 1520.
1390 1029 1424 1061 in
1444 1038 1475 1069 4.
1501 1025 1607 1061 adhue
1628 1038 1745 1061 mona-

125 1083 205 1117 chus
234 1083 439 1129 Brigittanus.
492 1082 641 1117 Alteram
660 1080 770 1127 postea
799 1080 990 1115 Ludouieus
1021 1079 1194 1127 Nogarola
1224 1079 1373 1112 condidit.
1414 1081 1566 1113 Veronae
1597 1088 1681 1120 1532.
1712 1088 1744 1119 4.

125 1134 285 1179 Quartam
309 1133 447 1167 Iacobus
470 1131 600 1175 Billius,
626 1145 718 1179 qnam
732 1130 953 1168 combefisius
974 1132 1045 1165 hinc
1065 1131 1136 1164 inde
1153 1130 1261 1174 pqffim
1288 1129 1472 1162 mutandam
1495 1128 1632 1174 censuit,
1658 1127 1745 1173 rasti·

121 1191 203 1232 gata
218 1183 350 1218 dic‘ffs'vnc
361 1196 477 1231 graeca
501 1186 545 1218 ad
564 1185 663 1218 MSS.
689 1185 803 1217 codices
825 1183 962 1228 aliquot:
993 1192 1126 1228 qnorum
1149 1181 1248 1214 labori
1269 1191 1394 1213 manum
1417 1182 1531 1214 iterato
1551 1181 1664 1213 midcrc
1680 1191 1745 1223 pro

123 1247 208 1269 more
231 1246 294 1268 non
316 1235 469 1269 dubitaui.
521 1232 771 1282 Oecolampadii
794 1232 898 1268 verfio
922 1235 957 1267 in
981 1229 1230 1271 Basileenfibus,
1264 1229 1351 1265 Billii
1373 1232 1410 1264 in
1426 1229 1653 1266 Parifienfibus
1675 1231 1745 1264 Da-

122 1284 262 1320 masc-eni
278 1283 477 1320 editionibus
496 1282 618 1333 saepius
634 1282 741 1320 recusa
756 1293 787 1319 et
804 1282 893 1332 apud
912 1286 1046 1319 Surium
1061 1280 1102 1317 ad
1117 1293 1145 1316 2.
1159 1283 1192 1316 N
1195 1281 1346 1316 ouembr.
1372 1282 1406 1315 N
1409 1281 1546 1331 ogarola
1564 1279 1654 1316 suam
1669 1279 1744 1316 Cle·

122 1339 222 1372 menti
247 1337 322 1374 VII,
346 1334 522 1384 inscripsit,
555 1334 724 1386 ediditque
748 1340 901 1372 Veronae
924 1346 1007 1379 1532.
1031 1337 1066 1369 in
1090 1345 1122 1376 4.
1151 1331 1293 1368 recusam
1315 1335 1430 1368 Venet-
1458 1343 1542 1377 1541.
1571 1331 1627 1378 [if]
1657 1335 1690 1367 in
1712 1337 1744 1371 8.

123 1401 200 1422 cum
214 1399 333 1437 graeco
352 1396 442 1422 texto
454 1413 465 1428 ,
493 1387 584 1437 quod
600 1390 752 1423 Veronae
766 1390 831 1424 iam
845 1385 887 1422 ad
904 1387 1028 1423 calcem
1040 1385 1116 1421 libri
1135 1384 1176 1421 de
1191 1382 1383 1421 orthodoxa
1397 1382 1465 1420 fide
1478 1382 1648 1434 prodierat
1667 1394 1744 1429 1531.

125 1443 159 1474 in
172 1450 204 1482 4.
254 1441 406 1477 citantur
431 1441 466 1476 in
486 1440 554 1476 hoe
575 1437 713 1488 scripto:

920 1526 1039 1561 Xxxx
1064 1534 1082 1557 2
1647 1522 1748 1558 Atha-

908 1683 939 1707 et
960 1687 1024 1714 241.
1046 1686 1112 1706 cnm
1134 1683 1197 1707 not.
1220 1673 1367 1711 Kollarii,
1411 1681 1442 1704 et
1471 1674 1534 1706 vol.
1563 1677 1601 1706 V.
1632 1686 1660 1716 p.
1680 1681 1745 1711 580.

909 1730 976 1749 cum
1000 1719 1110 1750 Kollar.
1127 1727 1207 1749 nota.
1229 1735 1272 1741 —
1295 1720 1326 1748 In
1341 1716 1411 1749 eod.
1423 1716 1549 1748 Coislin.
1563 1719 1746 1759 CCXXXIII.

909 1771 937 1793 et
958 1764 1152 1792 CCLXXXV.
1172 1763 1242 1791 teste
1265 1759 1438 1800 Montfauc.
1468 1763 1501 1789 in
1523 1759 1596 1792 bibl.
1620 1759 1747 1792 Coislin.

909 1817 937 1847 p.
961 1813 1025 1841 295.
1048 1815 1080 1834 ac
1102 1813 1170 1842 401.
1199 1803 1307 1834 eodem
1331 1803 1432 1833 indice
1454 1804 1486 1832 in
1506 1802 1580 1833 bibl.
1604 1802 1746 1834 biblioth.

910 1849 1001 1879 MSSt.
1030 1848 1054 1878 1.
1085 1857 1153 1888 pag.
1184 1851 1246 1884 196.
1277 1850 1310 1879 B.
1339 1854 1369 1876 et
1398 1848 1430 1876 in
1460 1845 1559 1875 diario
1590 1844 1650 1876 ital.
1681 1856 1748 1887 pag.

911 1899 970 1928 215.
992 1889 1108 1922 Romae
1130 1892 1209 1920 inter
1232 1889 1323 1923 codd.
1351 1890 1474 1919 monast.
1497 1896 1616 1930 patrum
1646 1890 1673 1921 S.
1695 1891 1748 1919 Ba.

65 1681 118 1719 oo)
139 1679 280 1711 oudinus
302 1689 423 1721 quoque
447 1677 467 1710 1.
489 1688 516 1709 c.
539 1687 608 1720 pag.
630 1686 710 1717 ¹719·
740 1674 864 1706 subscri-

25 1722 70 1753 bit
99 1722 215 1753 indicio
243 1722 361 1754 Natalis
387 1720 547 1752 Alexandri
579 1730 606 1751 et
636 1720 865 1750 condemnatio-

24 1767 56 1795 ni
80 1775 205 1807 propter
229 1776 367 1795 enormes
391 1764 502 1795 fabulas
533 1763 570 1793 de
595 1763 774 1793 liberatione
801 1764 865 1792 ani<-

25 1818 92 1838 mae
115 1811 263 1844 Traiani,
288 1810 448 1849 imperat„
480 1807 516 1837 ab
541 1805 665 1843 inseris,
710 1807 865 1843 Gregorii,

25 1855 140 1894 papae,
164 1852 319 1893 precibus,
350 1859 378 1881 et
401 1849 602 1886 Falconillac,
624 1848 778 1884 mulieris,
801 1856 867 1888 pre-

25 1894 110 1924 cibus
123 1894 272 1930 Theclae,
285 1895 399 1934 primae
416 1894 565 1928 martyris,
582 1893 745 1927 euar'rataS,
761 1891 868 1920 refert-

25 1945 84 1978 que
115 1936 229 1967 iudicia
251 1938 375 1968 Bai-onii
406 1945 435 1966 et
458 1935 495 1966 G.
519 1935 546 1966 I.
572 1934 661 1976 Voffii
689 1933 726 1963 de
743 1934 869 1963 histori-

27 1981 69 2010 cis
91 1989 135 2016 gr.
159 1979 228 2010 libr.
251 1981 289 2010 11.
312 1990 378 2021 cap.
402 1989 449 2016 24.
487 1977 555 2008 add.
578 1977 690 2008 Oudin.
719 1988 748 2017 p.
781 1986 881 2015 ¹744»

25 2021 68 2065 sq.
91 2023 170 2052 inter
192 2021 284 2052 dubia
307 2021 484 2052 Damasceni
514 2032 586 2062 opp.
616 2021 800 2051 Damascene
825 2027 867 2049 ta-

27 2073 95 2095 men
124 2063 302 2095 adscribitur
332 2066 364 2094 in
393 2063 460 2094 cod.
491 2065 638 2095 Noniano
669 2065 784 2093 LXXV.
817 2072 865 2093 nr.

27 2112 72 2147 7³·
94 2118 122 2138 v.
145 2114 200 2138 eat.
223 2106 313 2140 codd.
338 2117 382 2146 gr.
405 2109 485 2138 Nan.
509 2118 539 2149 p.
564 2111 622 2144 156.
645 2122 687 2130 —
720 2107 751 2135 in
776 2103 864 2135 codd.

0 2185 1 2191 ἵ
31 2149 158 2181 sturia.
183 2152 270 2183 LXX.
292 2153 407 2182 CCXV.
429 2157 459 2180 et
481 2152 617 2181 CCCXX.
646 2160 674 2180 v.
699 2155 754 2179 cat.
776 2146 865 2181 codd,

0 2212 2 2237 ξ
29 2202 74 2231 gr.
101 2194 199 2225 Taur.
226 2203 293 2234 pag.
326 2198 389 2230 164.
419 2198 482 2229 308.
508 2201 538 2222 et
568 2202 640 2230 402.
666 2208 711 2214 —
738 2193 770 2221 in
794 2189 864 2225 cod,

28 2235 139 2269 Medic.
163 2235 324 2266 secundum
346 2235 439 2268 indic.
462 2244 515 2267 cat.
534 2234 660 2267 Bandin.
686 2251 721 2258 —
751 2233 864 2265 [Γαιάο-

29 2277 124 2310 bonae
145 2280 177 2308 in
199 2277 268 2311 cod.
290 2281 418 2311 CXLVI.
443 2289 488 2309 nr.
513 2289 559 2310 22.
583 2276 652 2310 cod.
673 2279 801 2308 CXLIV.
822 2287 867 2306 nr.

28 2331 79 2359 4²-
108 2329 138 2352 et
160 2323 297 2357 cccxv.
328 2332 373 2353 ur.
391 2331 421 2353 2..
450 2332 481 2355 v.
502 2321 643 2355 Lambec.
666 2323 719 2353 1V.
751 2332 781 2362 p.
802 2324 868 2351 261.

912 1933 979 1965 filii.
1001 1949 1046 1957 -—
1066 1933 1180 1965 Leidae
1200 1935 1233 1962 in
1256 1931 1327 1965 bibl.
1351 1931 1434 1973 publ.
1458 1933 1537 1962 inter
1560 1930 1649 1963 codd.
1672 1930 1749 1962 Vos-

910 1978 980 2008 fian.
1004 1987 1034 2009 v.
1058 1984 1114 2006 eat.
1138 1975 1210 2006 bibl.
1234 1974 1316 2006 Leid.
1351 1986 1380 2015 p.
1402 1985 1469 2012 401.
1493 1985 1539 2006 nr.
1560 1985 1589 2011 4.
1621 1985 1687 2004 eum
1711 1976 1747 2004 ti-

910 2019 981 2050 tulis
1004 2021 1083 2049 XIV.
1106 2027 1213 2048 contra
1235 2019 1440 2048 Nestoriauos.
1463 2033 1506 2041 —
1531 2017 1693 2048 Monachii
1715 2018 1747 2047 in

911 2061 979 2091 cod.
1003 2064 1109 2092 Bauar.
1132 2063 1234 2092 LXIII.
1258 2072 1286 2092 v.
1309 2068 1365 2090 cat.
1387 2068 1454 2101 pag.
1471 2066 1512 2093 18.
1534 2077 1577 2084 —
1596 2061 1749 2101 Blosquae

909 2106 940 2134 in
967 2103 1042 2134 bibl.
1067 2103 1170 2139 synod.
1208 2102 1277 2133 cod.
1304 2105 1410 2134 XXVI.
1448 2113 1466 2132 a
1503 2113 1593 2132 mann
1625 2105 1748 2143 antiqua

908 2145 1012 2176 'indm
1035 2149 1145 2176 τιπωέ
1164 2145 1279 2186 parix:
1301 2146 1349 2183 affl*
1371 2155 1388 2174 a
1411 2155 1500 2175 manu
1524 2154 1622 2175 autem
1646 2155 1748 2176 recen-

909 2192 989 2221 tiore
1010 2192 1046 2218 τί
1067 2192 1093 2220 ι’)
1116 2189 1201 2226 ἐνίοις
1223 2187 1323 2230 ‘urges
1351 2185 1422 2224 ἧμῶν
1444 2185 1547 2217 ’Ic-dm
1561 2190 1609 2219 ,τῖ
1639 2185 1747 2224 δαμασ-

907 2235 970 2266 κηνέ
993 2231 1074 2269 λόγος
1096 2240 1219 2263 notante
1242 2232 1277 2264 cl.
1300 2230 1458 2262 [Matthaei
1488 2233 1519 2260 in
1544 2233 1631 2262 notit.
1656 2231 1746 2261 codd.

911 2287 954 2314 gr.
978 2279 1077 2317 Mosq.
1105 2286 1174 2318 pag.
1197 2286 1240 2315 37.
1271 2275 1379 2313 Paris.
1405 2276 1495 2304 exstat
1517 2273 1570 2304 ille
1594 2273 1690 2305 sermo
1714 2275 1746 2304 in

910 2318 1083 2362 quindecim
1107 2318 1195 2350 codd.
1217 2321 1250 2350 in
1273 2317 1347 2350 bibl.
1370 2317 1501 2360 publiea.
1546 2317 1640 2348 Harl.
