2023 2656
221 140 244 174 c,
276 128 453 176 ’Linum
463 130 632 172 XXVII.
802 131 897 168 Nm
923 130 1124 169 Epimeni
1152 129 1278 166 eron.
1303 129 1503 168 seium

392 243 416 266 1.
440 229 608 279 Expositio
621 224 857 276 paraphrastica
877 225 1001 262 Cantici
1024 224 1248 264 canticorum,
1273 237 1311 260 ex
1327 221 1464 271 Nysseni
1487 226 1661 274 Gregorii,
1697 225 1839 261 Maximi
1858 222 1951 259 comss

229 286 412 322 menimis,
439 279 654 316 *carminibus
676 277 818 327 politicis
839 277 1014 312 Michaelis
1040 275 1150 319 Pselli3
1193 276 1302 311 lucem
1331 275 1478 325 adspexit
1498 275 1599 311 latine
1622 290 1662 312 ex
1682 276 1831 312 versione
1854 277 1952 311 Patr.
1975 308 1977 312 .

228 339 348 374 Franc.
368 336 465 374 Zini,
492 333 657 367 Canonici
672 331 986 365 Veronens.Venet.
1003 338 1090 372 1574.
1115 338 1147 370 4.
1172 347 1221 353 —-
1275 329 1398 364 Graeca
1422 330 1547 376 primus
1570 341 1588 362 e
1603 329 1712 363 MSSt.
1730 330 1823 363 Paris.
1844 331 1876 362 in
1904 327 1956 361 lu-

232 402 305 425 ccm
326 385 466 436 protulit
481 385 607 419 Fronto
630 382 797 421 Dircaeus,
827 389 860 414 et
880 392 930 427 gr.
955 393 992 414 ac
1014 379 1089 419 lat..
1117 381 1204 413 'Lino
1226 381 1423 427 interprete,
1456 376 1589 414 inseruit
1613 389 1708 414 tomo
1734 382 1765 414 31
1810 379 1958 415 austasii

231 439 306 476 bibl.
330 447 477 472 veterum
499 445 627 483 patrum
652 445 770 482 graeco
793 431 905 474 latini,
950 432 1045 466 Paris.
1071 431 1161 472 1624.
1182 427 1246 465 fol.
1268 427 1335 479 sqq.
1362 450 1411 456 -—
1464 433 1547 464 Item
1571 432 1603 464 in
1628 440 1721 464 tomo
1744 431 1836 465 xm.
1860 431 1958 466 Parit.

232 494 324 536 1654.
375 486 594 523 Morellianae
606 484 683 519 edit.
701 497 732 531 p.
747 485 818 522 681.
846 500 894 508 -—
945 481 1056 516 Exstat
1072 485 1105 517 in
1121 479 1220 516 codd.
1235 483 1330 516 Msst.
1347 481 1486 518 Vinctos.
1511 479 1623 516 caesar.
1639 482 1782 517 CLXIX.
1807 495 1856 515 nr.
1881 491 1909 514 2.
1927 491 1958 512 v.

235 543 377 579 Lamhec.
393 548 574 575 comment.
589 538 646 571 IV.
658 548 691 584 p,
709 546 781 579 397.
798 534 958 570 Monackii
973 536 1004 568 in
1021 532 1093 568 cod.
1114 535 1225 568 Bauar.
1240 534 1386 568 xxxix.
1402 532 1483 568 catal
1509 545 1572 581 pag
1605 544 1652 567 10.
1671 544 1702 568 et
1715 530 1790 568 ibid>
1811 545 1885 580 pag.
1902 536 1960 573 84.

235 595 306 633 ΜΗ
319 592 543 638 interpretatio
555 588 813 626 Prona-hiumam,
841 588 875 619 in
889 583 963 619 cod.
982 586 1159 620 CCXLIX.
1185 603 1235 610 -
1263 586 1404 621 Veneriis
1423 587 1455 619 in
1471 584 1548 621 bibl.
1565 586 1669 622 Marc.
1689 587 1723 620 in
1739 582 1838 620 codd.
1852 582 1961 618 XXII.

234 647 277 684 ad
292 644 343 681 sex
361 646 471 691 priora
489 650 615 675 tanturn
631 650 722 686 capp.
738 647 770 671 et
783 637 905 672 XXIII.
919 635 976 678 (de
990 637 1039 670 his
1055 631 1092 669 v.'
1104 645 1162 669 cat.
1184 634 1283 670 codd.
1297 649 1346 683 gr.
1363 637 1469 671 Mare.
1485 648 1557 682 pag.
1577 647 1624 669 21.
1646 635 1721 670 add.
1744 635 1803 670 cel.
1822 634 1964 669 Morellz'i

236 697 317 735 bibl,
331 693 452 730 Mstam
470 705 518 741 gr.
537 701 569 726 et
584 703 708 725 roman.
716 692 831 725 Vener.
846 698 901 730 40.
918 696 949 721 et
965 684 1041 724 ibid.
1054 685 1094 721 de
1104 687 1254 733 Procopii
1270 688 1396 722 Gazaei
1411 689 1555 734 epitome
1573 690 1842 722 commenta-rior.
1860 689 1893 720 in
1903 686 1966 720 Ec-

237 745 403 785 clefiasten
417 757 456 779 ex
474 743 552 778 Nilo
567 741 721 789 ahisque:
742 739 830 773 idem
850 751 884 786 p.
900 749 952 779 42.
975 751 1008 785 p.
1034 746 1094 781 83-
1107 743 1157 781 85.
1180 735 1220 772 de
1236 738 1401 773 Parallelis
1425 740 1456 773 S.
1479 741 1526 772 Io.
1549 737 1752 773 Damasceno
1775 737 1965 778 adtributis;

239 811 394 847 compara
404 796 519 831 Lahbei
534 792 612 830 bibl.
629 805 708 826 nou.
720 788 800 826 Mst.
819 803 848 837 p.
864 796 936 831 233,
963 788 1152 824 Secundum
1168 799 1228 826 cat.
1245 788 1493 837 codd.Augliae
1503 790 1547 823 11.
1565 802 1614 824 nr.
1631 795 1713 833 8551.
1732 792 1764 824 in
1785 789 1862 824 bibl.
1877 790 1968 823 laco-

238 853 324 888 ᾓαεα,
346 867 397 875 —-
450 848 490 880 In
506 844 582 878 bibl.
596 842 803 886 Scorialienfis
818 840 925 876 indice
946 853 1046 888 opera
1061 839 1155 875 Alex.
1169 842 1355 881 Baruoe'tii,
1383 848 1495 874 catena
1511 842 1543 874 in
1559 842 1694 874 Cantica
1710 844 1863 876 canticor.
1880 848 1912 873 et
1934 840 1970 873 in.

241 915 314 938 earn
328 900 547 935 enarrationes
564 893 775 929 Theodoreti
792 888 997 940 praesertim,
1025 894 1179 940 Gregorii
1194 890 1332 935 Nysseni
1345 917 1354 931 .,
1383 892 1473 933 Nili,
1500 889 1645 932 Eusebii,
1673 894 1827 927 Maximi.
1882 886 1970 924 Add.

241 954 360 989 Labbei
373 948 450 984 bibl.
472 960 551 983 nou.
568 948 663 982 Msst.
680 958 712 993 p.
735 955 800 987 177·
816 954 888 986 274.
905 953 936 978 et
951 944 1025 986 306.
1041 940 1082 978 de
1106 941 1204 981 codd.
1222 945 1319 978 Paris.
1344 942 1423 977 bibl.
1454 962 1498 967 —
1552 943 1593 976 In
1616 942 1726 977 multis
1749 945 1782 977 in
1798 941 1903 977 libros
1919 939 1970 976 di-

242 1007 339 1039 vinos
354 1002 474 1037 catenis
491 1007 669 1033 occurrunt
684 998 789 1030 variae
807 997 878 1030 Nili
896 997 1190 1042 interpretationes.
1241 996 1293 1029 De
1308 1004 1418 1028 catena
1435 995 1469 1029 in
1485 995 1629 1036 Lucani,
1655 1008 1672 1028 a
1687 993 1788 1029 Balth.
1804 993 1973 1029 Corderio

244 1053 345 1094 versa,
361 1068 391 1087 v.
409 1049 504 1099 supra
522 1052 556 1084 in
571 1048 638 1084 vol.
657 1048 752 1083 VIII.
768 1060 800 1095 p.
817 1047 891 1086 688.
908 1043 983 1080 add.
1000 1058 1030 1094 p.
1048 1046 1119 1088 641.
1137 1047 1214 1090 647.
1230 1042 1304 1089 6⁷50.
1322 1047 1397 1087 672.
1412 1047 1489 1090 679.
1504 1056 1599 1093 atque
1616 1047 1756 1080 Lambec.
1770 1057 1894 1080 comni.
1910 1044 1972 1078 111.

243 1120 319 1155 pag.
340 1106 409 1140 166,
426 1101 473 1152 sq.
499 1121 551 1127 —-
574 1104 608 1136 in
626 1098 756 1135 scholiis
770 1096 810 1132 ad
826 1099 915 1133 laam
937 1096 1068 1136 Climczci
1084 1095 1197 1132 scalam
1216 1094 1376 1145 paradisit,
1405 1109 1434 1131 v.
1459 1095 1551 1144 supra
1567 1099 1600 1131 in
1625 1096 1693 1131 vol.
1711 1098 1764 1134 IX.
1782 1109 1812 1144 p.
1828 1106 1894 1141 525.
1919 1112 1973 1121 --

244 1162 297 1197 De
312 1158 452 1195 catenis,
480 1155 514 1188 in
528 1153 647 1200 quibus
663 1149 733 1185 Nili
749 1149 823 1186 loca
840 1151 1064 1197 reperiuntur,
1093 1151 1127 1184 in
1149 1149 1288 1188 Iobum,
1316 1161 1346 1181 v.
1363 1149 1507 1184 Lambec.
1529 1160 1652 1183 comm.
1668 1151 1708 1184 V.
1733 1160 1764 1196 p.
1783 1158 1842 1192 135.
1859 1148 1974 1183 Mont-

239 1210 331 1257 fauc.
348 1212 382 1243 in
402 1205 476 1240 bibl.
495 1203 599 1240 Coisl.
615 1216 645 1250 p.
663 1212 710 1246 57.
726 1199 802 1236 cod.
821 1200 875 1234 IX.
928 1200 999 1235 Nili
1018 1202 1242 1248 interpretatio
1260 1194 1517 1234 Prouerbioruin
1532 1200 1694 1234 Monacs'zii
1720 1202 1754 1234 in
1769 1199 1844 1234 cod.
1860 1201 1977 1234 Bauar.

247 1259 423 1300 CCXLIX.
440 1270 469 1291 ν.
484 1265 542 1291 cat.
568 1253 667 1289 codd.
689 1266 739 1300 gr.
755 1264 785 1299 p.
802 1259 854 1294 84.
876 1251 909 1284 in
922 1261 1033 1285 catena
1050 1253 1084 1285 in
1105 1253 1307 1289 Leuitieum,
1335 1251 1502 1285 Numeros
1525 1260 1585 1284 etc.
1612 1254 1646 1286 in
1674 1249 1773 1286 codd.
1799 1254 1841 1287 V.
1865 1259 1897 1285 et
1914 1250 1976 1285 VI.

252 1312 381 1351 Coislin.
398 1305 620 1351 v.Mon†fauc.
637 1302 713 1338 bibl.
723 1303 826 1337 Coisl.
844 1315 876 1350 p.
889 1313 935 1342 41.
951 1310 983 1335 et
997 1312 1050 1344 42.
1067 1310 1143 1349 etp.
1163 1311 1239 1343 244.
1253 1298 1327 1336 cod.
1338 1302 1563 1335 CLXXXVII.
1578 1303 1611 1336 iu
1627 1311 1686 1337 cat.
1703 1304 1736 1336 in
1746 1300 1898 1337 Psalmos.
1925 1316 1980 1327 —-·

251 1368 286 1400 in
304 1363 423 1399 catenis
439 1373 456 1393 a
472 1359 617 1393 Micca-io
634 1353 896 1402 Clzrgffloceplmlo,
923 1351 1077 1402 episcopo
1097 1350 1342 1401 Philadelphiae
1359 1361 1390 1387 et
1403 1352 1536 1393 lxm-eta,
1562 1350 1706 1389 diacono
1722 1365 1861 1403 magnae
1875 1350 1980 1388 eccle·

252 1415 317 1452 fiae
328 1440 338 1456 ,
365 1412 537 1449 contextis.

422 1475 447 1497 2.
476 1461 692 1497 Narrationes
709 1458 751 1495 V
747 1456 797 1493 II.
822 1457 860 1492 de
881 1456 968 1492 caede
985 1456 1206 1491 monachornm
1232 1457 1265 1491 ἰιι
1284 1462 1388 1490 monte
1409 1457 1488 1491 Sina
1513 1454 1566 1500 ὡς
1582 1455 1722 1500 Raitlm)
1742 1463 1774 1490 et
1796 1455 1982 1501 captiuitate

261 1515 425 1556 Theoduli,
448 1513 505 1547 filii
519 1527 527 1546 :
554 1510 656 1546 editae
671 1523 720 1559 gr.
735 1518 765 1544 et
777 1509 832 1543 lat.
848 1521 864 1542 a
879 1509 1022 1553 Poffino,
1050 1516 1081 1541 vt
1104 1510 1167 1541 iam
1185 1505 1454 1556 fignificauinius.
1506 1508 1536 1542 Is
1550 1509 1646 1542 etiam
1659 1506 1781 1542 librum
1804 1508 1840 1541 in
1857 1504 1982 1554 septem

256 1570 458 1606 narrationes
474 1560 629 1598 distinxit.
678 1563 730 1596 De
746 1560 810 1595 illis
823 1569 931 1593 autem
945 1558 1185 1593 narrationibus
1203 1557 1327 1593 multus
1351 1557 1394 1592 ess
1412 1557 1568 1599 Allatius,
1595 1571 1627 1607 p.
1651 1560 1703 1596 26,
1725 1557 1792 1608 sqq.
1817 1559 1874 1606 qui
1889 1569 1982 1605 prae·

257 1619 367 1658 sertim
380 1613 528 1651 defendit
542 1615 732 1648 Simeonem
749 1609 986 1658 metaphrasten
1000 1623 1017 1644 a
1032 1611 1167 1644 crimine
1185 1608 1462 1657 interpolationis.
1513 1603 1700 1645 Adnotante
1715 1611 1877 1649 Fabricio,
1901 1610 1983 1643 eius·
2004 1632 2016 1635 <

261 1671 337 1708 dem
353 1668 565 1705 narrationis,
591 1667 653 1698 iam
670 1672 743 1697 aute
758 1660 945 1705 Fortinum,
970 1662 1292 1708 interpretationem,
1316 1657 1369 1695 sed
1384 1663 1493 1696 minus
1516 1662 1713 1710 praeclaram
1730 1663 1924 1709 minusque,
1949 1669 1986 1693 vt

260 1737 301 1759 ex
317 1716 530 1767 metaphraste
540 1746 549 1761 ,
572 1717 736 1761 integram
752 1710 919 1748 ediderant
932 1709 1080 1760 Aloystus
1091 1713 1312 1758 Lipomamzus
1327 1721 1358 1746 et
1372 1713 1475 1748 Laur.
1493 1714 1608 1748 Sarius
1621 1710 1662 1747 ad
1677 1723 1726 1755 14.
1742 1715 1870 1748 Ianuar.
1921 1712 1985 1746 Va-

262 1777 324 1810 rias
350 1773 437 1807 lectt.
458 1781 476 1803 e
497 1766 614 1802 codice
636 1766 864 1800 Mazariniano
894 1775 957 1797 vna
980 1776 1057 1798 cum
1090 1762 1282 1811 quibusdam
1305 1763 1643 1799 animaduersionibus
1674 1762 1736 1799 suis
1758 1764 1862 1798 edidit
1877 1763 1986 1797 Fran-

264 1825 359 1873 ciscus
377 1819 571 1869 Combefistus
587 1820 621 1852 in
640 1814 814 1851 illustrium
832 1813 952 1851 Christi
974 1824 1158 1860 martyrum
1175 1814 1268 1850 lec'tis
1285 1816 1457 1862 triumphis
1471 1825 1529 1853 etc.
1542 1829 1591 1864 gr.
1608 1825 1645 1858 et,
1657 1815 1712 1851 lat.
1730 1817 1825 1850 Paris,
1844 1816 1938 1849 1660.
1954 1818 1987 1853 8.

264 1889 342 1924 pag.
359 1882 517 1917 139-144.
568 1870 681 1904 Latine
702 1865 752 1902 Io.
770 1866 949 1902 Bollandus
963 1877 1115 1915 quoque,
1141 1869 1247 1907 (non,
1275 1879 1390 1915 graece
1405 1876 1437 1901 et
1449 1866 1505 1903 lat.
1525 1878 1559 1901 vt
1571 1867 1718 1902 Labbeus
1730 1865 1882 1902 adfirmat
1905 1875 1987 1900 tom,

265 1928 309 1962 11.
329 1925 368 1960 de
385 1924 531 1969 scriptor.
548 1919 661 1955 eccles.
677 1930 752 1966 pag.
770 1927 834 1961 125.
850 1925 881 1951 et
896 1929 937 1951 ex
953 1916 1082 1951 Labbeo
1097 1915 1270 1960 Anatim.)
1297 1916 1337 1952 ad
1359 1915 1446 1952 diem
1460 1929 1509 1961 14.
1525 1921 1652 1955 Ianuar.
1673 1921 1709 1954 in
1724 1917 1809 1953 Actis
1821 1918 1851 1951 S.
1868 1918 1989 1952 S.Ant-

265 1980 443 2025 Werpiens.
459 1984 540 2008 tom.
554 1975 580 2010 Ι.
597 1983 628 2018 p.
646 1979 720 2014 954.
738 1966 806 2017 sqq.
824 1969 1045 2002 narrationem
1060 1966 1171 2009 illam,
1198 1967 1328 2016 qualem
1345 1969 1456 2004 Surius
1473 1967 1625 2011 dederat,
1647 1969 1810 2005 collatam
1824 1981 1900 2004 cum
1914 1967 1992 2003 MS.

267 2032 428 2066 Vaticano
446 2037 522 2061 cum
539 2022 689 2057 breuibus
708 2022 794 2054 notis
808 2017 870 2054 suis
885 2032 913 2053 a.
936 2020 1022 2061 1643.
1041 2016 1161 2063 edidit,
1188 2017 1372 2054 distinctam
1387 2022 1422 2055 in
1436 2032 1530 2068 capp.
1547 2031 1590 2064 ις.
1605 2019 1762 2056 sectiones
1777 2022 1830 2054 62.
1882 2017 1991 2059 Adde,

295 2093 354 2115 tae
370 2081 456 2112 idun
473 2089 547 2123 pag.
568 2084 645 2114 1113.
666 2071 710 2120 sq.
733 2071 787 2104 vbi
807 2082 847 2105 ex
866 2067 1048 2104 Poffiniana
1061 2092 1071 2106 ‚
1095 2082 1196 2118 quam
1210 2068 1393 2119 elegantem
1407 2081 1438 2105 et
1453 2072 1639 2118 pleniorem
1658 2069 1796 2112 fatetur,
1828 2069 1992 2107 nonnulla

269 2095 407 2179 pnpplet.
462 2127 580 2162 Gallice
598 2125 691 2158 vertit
707 2121 810 2165 Nigol.
828 2121 982 2155 Sudorius
999 2121 1044 2166 (le
1059 2122 1203 2162 Sueur.).
1258 2123 1371 2156 Varias
1392 2121 1550 2158 lectiones
1573 2124 1620 2167 (et
1642 2119 1870 2158 narrationum
1892 2132 1925 2158 et
1946 2118 1994 2157 se-

271 2183 399 2232 quentis
415 2188 498 2214 orat.
519 2180 555 2212 in
579 2174 773 2212 Albianum)
795 2185 814 2207 e
834 2182 975 2220 quatuor
996 2174 1120 2220 graecis
1142 2173 1224 2207 Mss.
1244 2171 1345 2208 codd.
1365 2175 1543 2214 Vaticano,
1570 2174 1764 2215 Barbetium
1798 2170 1991 2222 Altempfia·

271 2246 336 2272 no,
365 2231 436 2279 (qui
453 2242 530 2264 cum
545 2224 713 2261 Sfoniano
729 2231 935 2272 comparatus
945 2227 974 2264 ‚)
999 2232 1031 2256 et
1045 2222 1210 2265 Palatino,
1237 2223 1391 2259 translato
1406 2226 1441 2258 in
1456 2225 1532 2260 bibl.
1548 2227 1758 2264 vaticanam,
1782 2238 1822 2261 ex
1835 2226 1993 2275 margini-

270 2284 331 2319 bus
352 2284 473 2318 codicis
496 2279 664 2317 Barberini
688 2273 880 2325 deicriptas,
904 2273 955 2324 „ad
978 2273 1102 2311 calcem
1122 2273 1336 2323 epistolatum
1355 2274 1429 2312 Nili
1448 2273 1551 2312 edidit
1569 2276 1721 2314 Allatius.
1744 2278 1875 2315 Romae
1898 2278 1994 2314 1668.

1934 2324 2000 2365 fol.
