2023 2656
69 123 138 175 νοιῖ
152 148 231 175 vm.
243 150 421 183 pamm:
439 151 500 185 DE
518 151 701 187 raovm.
719 150 786 185 ET
800 151 926 186 FATo
943 150 1003 187 AD
1022 148 1201 188 Timon.
1219 155 1368 190 Macri.
1395 157 1468 191 Lib.
1485 158 1562 195 Vc.
1574 160 1678 199 XXI.
1731 173 1792 206 379

67 255 139 285 tur,
165 258 242 280 cum
256 257 400 292 corpore
415 255 588 292 operatur,
617 249 740 282 etenim
760 244 865 281 stnsus
881 258 957 281 cum
980 260 1139 295 corpore:
1173 248 1297 284 necesse
1321 263 1400 299 ergo
1422 262 1453 286 ct
1476 250 1609 288 irascens
1633 267 1734 290 omne
1754 265 1788 291 et

66 295 298 343 concupiscens
321 309 396 330 cum
417 309 560 343 corpoi‘e
576 300 715 344 operari.
769 300 834 332 Eae
851 296 985 346 quidem
1004 301 1111 348 itaque
1128 298 1245 346 specics
1263 304 1345 335 vitae
1367 304 1569 339 irrationales
1589 318 1706 342 omnes
1729 320 1770 343 en

66 357 134 393 tes,
166 360 239 385 eam
261 360 342 395 quae
365 344 547 383 secundum
560 357 709 383 naturam
727 351 954 395 operationem
969 350 1178 386 habentcum
1199 363 1352 400 corpore.

229 452 287 486 XI.
314 448 367 485 Ad
384 448 483 498 ipsam
498 459 606 485 autem
620 453 685 485 iam
701 450 895 486 rationalem
912 449 1064 500 aspiciens
1079 462 1247 495 naturam,
1277 453 1352 490 vide
1376 455 1462 490 illius
1481 460 1582 492 vitam
1605 462 1731 494 tertiam
1752 469 1784 496 et

65 504 205 550 primam
221 504 320 541 etiam
334 501 529 536 inficientem
550 499 761 537 inferioribus
786 506 875 544 vitiS,
904 513 935 537 et
953 507 1183 553 ⁴corrigentem
1203 516 1257 540 aut
1279 505 1433 541 deficiens
1456 507 1596 554 ipsarum
1618 513 1783 558 cognitio-

64 566 160 594 nem,
202 552 284 588 sicut
308 551 443 601 quando
465 550 590 587 sensum
613 551 787 601 deceptum
811 556 896 588 circa
923 553 975 589 sua
998 554 1231 603 cognoscibilia
1255 555 1392 605 desuper
1414 557 1476 605 ipsa
1511 563 1628 607 arguit.
1697 563 1783 596 Dico

63 614 172 639 autem
195 614 272 652 puta
298 602 402 638 solem
424 602 574 649 pedalem
592 603 774 646 dicentem,
801 615 855 640 aut
871 604 962 640 aliud
978 619 1052 640 cum
1068 606 1220 642 consueta
1238 607 1431 656 deceptione
1448 614 1722 656 pronunciantem
1743 626 1784 648 ex

63 655 196 695 talibus,
224 653 563 691 autimmenlhratum
579 667 634 689 ens
658 667 753 690 motu
773 655 996 698 erudientem,
1029 657 1164 706 quaudo
1187 663 1330 705 percutit
1351 657 1510 696 furorem.
1572 664 1651 697 Hoc
1677 666 1786 712 itaque

62 704 148 742 illud
161 708 324 742 Homeri.-
350 708 379 750 ⁹)
406 705 505 740 tolera
519 707 625 747 corde,
653 707 795 742 clamans
812 717 842 741 et
860 706 941 742 ficut
954 721 1068 743 canem
1083 709 1255 744 latrantem
1279 711 1317 744 ab
1339 713 1462 758 impetu
1491 716 1689 760 reprimens,
1729 724 1783 749 aut

62 756 190 793 rursum
205 755 338 806 qnando
359 755 658 804 concupiscentiam
672 756 894 793 lasciuientem
909 762 1017 794 anima
1034 757 1265 796 delectationes
1274 762 1330 795 has
1347 774 1430 809 quae
1445 775 1484 796 ex
1498 766 1693 811 corporibus
1709 765 1782 813 pul-

61 807 186 849 lulant,
213 807 529 849 conatur-detinere,
562 809 777 856 petulantiam
797 810 936 844 illorum
959 810 1127 845 meliorata
1150 815 1423 859 temperamentis,
1492 816 1530 847 In
1552 814 1666 849 talibus
1693 820 1784 851 enim

62 860 216 895 omnibus
245 858 491 908 operationibus
517 857 702 894 manifestat
730 864 841 909 vtique
873 874 989 896 omnes
1016 862 1222 897 irrationales
1242 872 1352 897 motus
1377 864 1619 911 reprehendens
1642 869 1782 914 cogniti·

62 923 120 946 vos
134 920 166 946 et
182 914 400 960 appetitinS,
433 919 465 944 et
485 909 655 946 absoluens
678 910 812 959 seipsam
843 913 882 947 ab
909 915 947 947 iis
976 922 1131 961 tanquam
1159 913 1273 948 alienis
1301 915 1438 950 entibus,
1505 917 1646 963 Oportet
1671 927 1782 954 autem

62 964 313 1010 vniuscuiusque
326 971 477 997 naturam
495 965 604 997 venari
619 975 689 997 non
705 963 743 996 ab
761 965 810 1004 iis,
834 976 917 1011 quae
932 962 1082 1011 peruerse
1101 960 1166 1011 ipsa
1188 973 1342 1009 Vtuntur,
1369 964 1421 1000 sed
1435 966 1475 1000 ab
1492 969 1540 1007 iix,
1564 980 1648 1015 quae
1669 971 1781 1004 secun-

62 1012 142 1049 dum
158 1023 307 1049 naturam
328 1022 516 1060 operantur.
569 1015 601 1047 Si
624 1016 723 1059 igitur
739 1014 873 1062 quaudo
889 1017 922 1049 in
939 1014 1036 1049 nobis
1054 1017 1136 1048 ratio
1153 1025 1186 1048 vt
1201 1018 1282 1049 ratio
1302 1026 1475 1057 mouetur,
1511 1017 1698 1053 vmbrosam
1719 1023 1779 1054 im-

59 1064 256 1113 preffionem
283 1062 540 1098 delectationum
565 1063 846 1111 concupiscentiae
868 1076 1016 1106 coercet,
1049 1068 1143 1112 punit
1162 1063 1285 1100 suroris
1307 1070 1516 1114 praecipitem
1537 1079 1690 1110 motum,
1732 1084 1779 1106 re-

59 1116 233 1164 prehendit
247 1114 373 1151 sensum
389 1125 544 1162 tanquam
561 1112 756 1162 deceptione
783 1115 838 1160 [if]
860 1115 1016 1162 plenum,
1043 1115 1154 1150 dicens
1167 1115 1259 1163 quod
1282 1130 1391 1164 neque
1413 1116 1564 1153 audimus
1584 1122 1708 1155 circum
1731 1125 1785 1156 ni—r

58 1168 127 1207 hil,
154 1180 262 1215 neque
277 1164 441 1200 videmus:
468 1167 593 1199 ethaeo
607 1164 757 1212 loquitur
771 1164 942 1211 respiciens
956 1166 997 1199 ad
1014 1164 1202 1200 intrinsecas
1219 1169 1380 1206 rationes,
1409 1180 1548 1214 quarum
1573 1169 1700 1205 nullam
1722 1185 1782 1219 per

59 1232 181 1267 corpus
201 1220 297 1253 nouit
312 1227 366 1251 aut
380 1228 438 1263 per
460 1228 635 1263 corpo-reas
656 1218 881 1263 cognitiones:
908 1213 1116 1250 manifestum
1134 1215 1224 1264 quod
1241 1213 1419 1251 secundum
1444 1218 1529 1253 hanc
1553 1223 1781 1266 operationem

59 1270 193 1319 elongat
207 1266 340 1316 seipsam
357 1264 527 1303 euidenter
549 1280 567 1312 a
587 1263 753 1310 sentibus,
777 1275 899 1314 *contra
923 1279 1067 1321 quorum
1089 1265 1258 1306 sententias
1279 1277 1311 1303 et
1333 1280 1351 1302 a
1376 1267 1644 1309 delectationibus
1664 1271 1729 1309 illis
1751 1282 1782 1310 et

59 1321 189 1358 tristitiis
210 1317 433 1370 sequestratur.

183 1445 187 1448 ·
222 1428 296 1462 XII.
324 1425 400 1461 Post
416 1426 500 1461 hanc
514 1435 624 1461 autern
639 1425 736 1462 video
753 1425 891 1463 alterum
906 1437 938 1462 et
957 1427 1133 1464 meliorem
1155 1440 1204 1469 ea,
1228 1441 1312 1477 quae
1328 1432 1364 1463 in
1380 1429 1478 1464 nobis
1499 1430 1651 1465 rationali
1674 1434 1781 1466 anima

56 1487 208 1518 motum,
236 1477 470 1526 quiescentibus
494 1480 559 1512 iam
584 1476 813 1519 inferioribus,
847 1488 879 1512 et
899 1477 1030 1513 nullum
1053 1479 1251 1520 tumultum,
1286 1480 1386 1514 veluti
1412 1483 1446 1514 in
1467 1480 1577 1515 multis
1598 1480 1783 1523 consueuit,

58 1530 300 1569 exhibentibus,
339 1527 520 1564 secundum
541 1542 640 1577 quam
662 1528 819 1564 conuersa
842 1528 887 1564 est
914 1527 956 1564 ad
975 1528 1124 1577 seipsam,
1167 1540 1198 1565 et
1221 1529 1310 1566 videt
1331 1528 1378 1566 sui
1398 1529 1496 1578 ipsius
1519 1529 1724 1567 substantiam
1749 1541 1781 1567 et

56 1584 190 1615 virtutes
213 1594 295 1629 quae
314 1583 354 1632 in=
369 1579 453 1627 ipsa,
489 1590 520 1615 et
542 1582 750 1615 harmonicas
773 1583 914 1628 rationes
937 1588 977 1615 ex
1000 1581 1118 1629 quibus
1143 1580 1309 1623 consistit,
1346 1591 1377 1616 et
1397 1582 1515 1617 multas
1538 1585 1616 1617 vitas
1640 1596 1781 1632 quarum

58 1632 102 1667 est
122 1633 426 1680 complementum,
467 1639 500 1666 et
527 1634 689 1666 reinuenit
717 1628 850 1679 seipsam
871 1641 980 1666 entem
1001 1631 1165 1667 mundum
1186 1632 1400 1673 rationalem,
1441 1629 1621 1682 imaginem
1645 1633 1781 1682 quidem

0 1710 5 1713 -
55 1696 173 1719 eorum
199 1696 281 1731 quae
305 1693 378 1718 ante
395 1680 512 1729 ipsam,
538 1696 556 1716 a
574 1683 690 1730 quibus
705 1680 826 1728 egi-effa
847 1681 908 1717 est:
935 1684 1104 1731 exemplar
1118 1693 1228 1732 autem
1243 1696 1358 1718 eorum
1374 1696 1457 1732 quae
1473 1683 1547 1731 post
1565 1684 1677 1732 ipsam,
1705 1688 1777 1733 qui-

56 1736 115 1770 bus
136 1734 299 1783 superstat.
357 1731 411 1769 Ad
431 1734 515 1767 hanc
538 1736 627 1768 enim
648 1736 876 1781 operationem
900 1737 1026 1768 animae
1051 1744 1082 1769 et
1103 1736 1360 1775 arithmeticam,
1396 1747 1418 1768 ο
1441 1737 1563 1773 amice,
1588 1745 1620 1770 et
1643 1748 1780 1783 geome-

55 1790 151 1822 triam
167 1786 286 1821 vestrae
299 1787 375 1820 artis
396 1794 552 1825 matrem,
578 1784 718 1818 multam
735 1784 852 1819 habere
871 1794 995 1831 partem
1018 1788 1109 1820 aiunt
1131 1798 1214 1833 quae
1234 1783 1402 1820 asenfibus
1416 1784 1550 1833 quidem
1566 1785 1667 1834 ipsam
1685 1786 1779 1821 elon»

55 1848 154 1888 gant,
189 1847 329 1886 purgant
349 1846 457 1870 autem
483 1834 686 1870 intellectum
706 1849 723 1870 a
744 1833 951 1870 circumfusis
972 1832 1135 1883 speciebus
1159 1838 1242 1870 vitae
1267 1835 1559 1877 irrationabilibus,
1606 1836 1779 1871 traducunt

55 1886 174 1925 autem*
189 1887 229 1922 ad
251 1892 480 1935 incorpoream
503 1884 681 1932 specierum
702 1884 1053 1933 comprehensionem,
1090 1886 1187 1921 velut
1202 1884 1367 1922 sacrorum
1396 1885 1668 1924 sanetiffimorum
1692 1897 1779 1922 ante-

53 1944 120 1977 rius
140 1939 470 1976 circumlustrationes
490 1935 608 1971 futuris
633 1936 776 1981 mysticis
793 1935 1048 1984 praetendentes.
1099 1939 1233 1972 Etenim
1251 1936 1434 1978 considera,
1457 1938 1596 1986 qualiter
1613 1952 1655 1973 ex
1682 1937 1777 1978 intel-

55 1992 246 2029 lectualibus
267 1989 516 2038 operationibus
537 1986 684 2023 scientiae
699 1986 901 2035 praelocatae
922 1991 1128 2036 purgatiuam
1145 2002 1244 2037 quam
1265 1987 1409 2023 diximus
1432 1986 1564 2026 sortitae
1585 1987 1657 2023 sunt
1677 1992 1776 2024 virtu·

58 2056 135 2081 tem,
189 2045 223 2078 Si
243 2044 334 2076 cuim
353 2036 551 2074 assumebant
571 2038 706 2087 quidem
720 2041 863 2072 animam
879 2036 978 2074 idolis
992 2039 1166 2087 repletam,
1195 2050 1226 2073 et
1242 2039 1324 2074 nihil
1346 2037 1460 2073 subtile
1477 2037 1733 2085 cognoscentem
1747 2049 1778 2074 et

57 2095 126 2132 fine
145 2093 301 2130 materiali
318 2090 524 2139 garrulitate,
553 2089 716 2124 elucidati·
736 2098 843 2123 autem
863 2091 1002 2123 rationes
1024 2088 1241 2124 nect-:nitatem
1266 2087 1586 2125 demonstrationum
1610 2088 1780 2138 irrefraga-

58 2149 159 2185 bilem
179 2146 351 2183 habentes,
392 2151 422 2176 et
445 2140 564 2190 species
589 2143 682 2178 omni
704 2137 898 2179 certitudine
922 2150 951 2174 et
972 2141 1244 2179 immaterialitate
1263 2140 1399 2188 plenas,
1439 2149 1470 2174 et
1497 2139 1683 2177 nullatenus
1707 2154 1780 2176 eam

972 2191 1053 2226 Bbb
1079 2203 1097 2226 2
1696 2204 1780 2236 quac

102 2361 140 2404 y)
161 2358 258 2390 nze,
280 2358 350 2394 aa„
366 2352 466 2395 ,ματ-,μ
