2023 2656
247 63 270 90 ι
321 52 393 89 Lu.
408 50 452 88 V.
468 61 493 88 e.
506 48 672 87 XXVII.
891 50 1078 87 ALLATn
1103 25 1328 87 Dtiirmssss

255 144 406 183 rumdam
419 147 531 180 iniecit
540 146 747 179 mentionem
759 151 788 178 et
798 140 932 179 dodiam
946 143 1151 192 longamque
1158 146 1276 181 Leonis
1283 144 1403 181 Allaria·
1417 143 1453 179 de
1463 144 1552 179 Mlis
1564 151 1595 180 et
1607 156 1712 180 eorum
1719 144 1857 192 scriptis
1869 141 1979 180 diatri-

251 199 334 238 ben,
364 195 508 232 recusam
523 195 564 231 ad
581 195 633 231 ed.
654 208 826 230 romanam
845 209 896 234 an,
914 198 1170 231 MDCLXVIII.
1189 194 1317 245 suisque
1332 194 1566 244 supplementis
1590 205 1621 231 et
1639 194 1980 230 animaduersionibus

252 248 486 297 locupletatam
502 246 570 282 vol.
584 250 625 282 V.
641 248 674 282 Β.
692 249 749 283 Gr.
765 244 899 282 adiecit:
927 259 1010 294 quae
1028 259 1131 295 quum
1146 247 1285 295 longior
1301 246 1349 284 sit,
1378 259 1476 295 quam
1493 256 1543 288 vt,
1571 251 1679 295 operis
1695 245 1900 288 redemtore,
1937 250 1982 281 vi-

251 314 290 337 ro
313 299 472 339 honesto,
499 298 635 347 aliisque
651 300 726 333 viris
740 295 865 340 doctis,
893 297 963 333 vela
986 307 1020 332 vt
1033 299 1230 333 contraham
1254 298 1469 346 breuitatique
1486 310 1561 333 cum
1588 303 1730 333 maxime
1752 296 1985 340 studeam„x'a-

252 354 306 388 riis
323 350 363 385 de
381 347 496 386 caussis
515 348 605 384 haud·
619 351 783 385 immerito
800 348 1042 397 flagitantibu5‚
1069 350 1105 384 in
1118 350 1180 384 hac
1203 348 1350 385 editione
1373 352 1537 398 integram
1561 348 1743 385 commode
1770 348 1926 393 reddam,
1950 353 1986 386 in

255 404 341 438 Niiis
358 400 589 436 enumerandis
604 410 636 436 et
651 399 898 436 nonnullorum
915 402 989 435 vitis
1006 397 1196 449 scriptisque
1215 396 1446 449 persequendis
1470 403 1513 434 ita
1534 399 1698 440 vers-abor,
1723 410 1757 435 vt
1781 400 1890 437 allatii
1913 403 1986 449 qui-

257 452 333 490 dem
357 451 510 488 ordinem
526 466 564 487 ac
580 449 674 501 quod
698 451 771 485 fieri
796 450 920 497 potest,
948 454 1172 487 narrationem
1188 455 1363 493 retineam,
1391 461 1423 486 et
1439 452 1576 486 Fabricii
1593 464 1746 500 measque
1762 451 1851 487 haud
1865 465 1985 500 paucas

256 502 574 544 animaduersiones,
604 503 658 537 vbi
680 501 901 538 commodum
917 512 949 538 et
970 500 1184 538 necessarium
1202 500 1385 545 videbitur,
1413 501 1571 545 inseramz,
1612 501 1665 538 sed
1688 515 1744 543 ea,
1771 515 1854 551 quae
1874 503 1913 538 ab
1931 503 1986 538 Al-

257 557 337 592 latio
354 555 407 590 vel
420 564 547 603 praeter
563 551 782 589 neceffitatem
798 551 923 602 scripta,
938 554 989 589 vei
1006 553 1089 589 iusto
1104 553 1271 602 copiosius
1286 553 1452 604 expofita,
1479 552 1629 602 adeoque
1645 554 1685 589 ab
1706 553 1855 590 instituto
1868 553 1984 591 nostro

257 607 362 645 aliena
377 605 450 644 sunt
461 632 472 649 ‚
496 603 603 643 modo
618 607 828 651 contraham,
852 604 957 642 modo
975 604 1072 648 plane
1088 608 1251 642 omittam.

872 723 903 764 Ῑ.
931 725 1058 762 Nilus
1083 738 1156 762 rex
1180 723 1378 774 Aegypti.

363 812 483 853 Nilus,
510 822 568 846 rex
582 811 747 861 Aegypti,
773 822 814 846 ex
830 823 900 860 quo
918 810 1027 854 Nilus,
1046 813 1192 861 Aegypti
1209 811 1418 860 peruulgatus
1440 819 1472 846 et
1490 810 1670 848 celebratus
1689 815 1844 848 omnium
1866 809 1988 848 sermo-

260 865 355 901 nibus
370 862 494 898 fluuius
514 864 579 897 hoc
592 865 732 911 proprio
750 861 891 910 fignatus
907 862 954 898 est
966 867 1126 904 nomine,
1152 864 1328 912 postquam
1344 872 1546 899 memoratus
1569 876 1626 898 rex
1641 865 1674 899 in
1692 863 1787 899 illum
1802 862 1882 904 sese,
1910 867 1989 906 (nee

261 926 371 951 tamen
391 912 497 949 cauffa
513 926 576 947 vna
593 914 637 949 est
653 912 742 961 apud
759 918 912 957 omnes,)
939 914 1108 950 immersit.
1158 915 1267 955 Nilus,
1286 915 1416 953 fluuium
1433 918 1543 962 primo
1561 913 1666 950 dictus
1684 912 1748 950 fuit
1770 918 1922 950 Oceanus
1945 915 1988 959 ⁶),

261 965 375 1016 postea
395 963 514 1003 ’Λετός
539 966 663 1012 aquila,
699 963 818 1000 deinde
839 964 1007 1010 Melusb),
1046 975 1119 1001 tum
1142 968 1369 1015 Aegyptus⁶)‚
1402 976 1473 1001 tum
1494 966 1617 1007 Trito,
1664 965 1807 1015 denique
1827 966 1934 1001 Nilus.
1958 977 1987 1000 v.

260 1017 458 1055 Plutarchus
473 1015 512 1050 de
527 1015 636 1051 fluuiis
651 1028 725 1065 pag.
741 1018 817 1058 766.
835 1015 901 1065 sqq.
919 1015 986 1051 vol.
1013 1019 1051 1053 X.
1070 1017 1122 1053 ed.
1138 1019 1283 1060 Reiske,
1309 1019 1460 1068 inprimis
1474 1030 1506 1066 p.
1520 1027 1589 1060 771.
1612 1015 1657 1067 sq.
1684 1017 1794 1066 ibique
1817 1027 1905 1057 not„
1919 1018 1988 1052 Eu-

251 1069 356 1116 stuth.
377 1070 412 1104 in
425 1066 631 1113 Dionyiium
649 1070 807 1115 Perieget.
820 1067 862 1102 ad
881 1080 960 1103 verS.
979 1080 1054 1103 222.
1105 1070 1156 1104 Ab
1173 1068 1293 1105 eodem
1310 1077 1388 1117 rege
1403 1068 1489 1104 diCta
1509 1070 1609 1103 etiam
1634 1067 1765 1103 videtur
1781 1068 1897 1110 Mlus,
1927 1071 1987 1103 Ae-

263 1122 362 1169 gypti
385 1120 477 1160 vrbs,
504 1122 595 1154 cuius
619 1116 802 1167 episcopus,
824 1118 1034 1162 Chaeremon,
1065 1130 1272 1157 memoratur
1293 1121 1333 1155 ab
1349 1119 1485 1166 Eusebio
1502 1121 1559 1154 VI.
1583 1130 1636 1162 42.
1657 1119 1731 1158 hist.
1758 1120 1837 1155 ecel.
1889 1116 1988 1168 Apud

263 1171 484 1218 Porphyrium
501 1183 636 1219 quoque
653 1172 692 1204 11.
706 1171 784 1219 περὶ
809 1167 956 1217 οἱποχῆς
979 1184 1011 1219 p.
1038 1183 1104 1215 125.
1128 1171 1380 1220 Theophrastus
1403 1169 1515 1207 laudat
1542 1167 1602 1214 τὴν
1631 1169 1818 1220 ἱερωτάτην
1849 1169 1989 1217 15713,τὲ

265 1218 378 1261 Neine
392 1220 597 1260 κτισθέἱσων
616 1220 751 1272 χώραν.
804 1223 871 1267 [De
887 1222 966 1257 Nilo
980 1232 1109 1270 praeter
1125 1224 1345 1271 Geographos
1359 1232 1391 1257 et
1405 1223 1556 1257 auetores
1574 1224 1679 1257 itiner.
1695 1233 1793 1270 atque
1810 1222 1923 1258 histor.
1946 1221 1988 1257 de

265 1276 425 1321 Aegypto
441 1269 533 1307 conf.
549 1285 682 1321 quoque
695 1274 821 1323 Hestod.
837 1274 1020 1321 Theogon.
1039 1287 1068 1308 v.
1092 1279 1165 1316 338·
1188 1274 1300 1322 ibique
1320 1277 1455 1321 interpr.
1467 1273 1635 1307 Plutarch.
1655 1273 1696 1308 de
1721 1273 1846 1322 placitis
1865 1273 1987 1321 philos.

265 1323 339 1362 libr.
358 1326 414 1359 IV.
432 1336 502 1371 cap.
518 1335 543 1361 1.
559 1324 669 1372 ibique
685 1327 818 1372 interpr.
835 1323 995 1360 Iahlonski
1009 1327 1180 1360 Pantheon
1196 1335 1329 1373 aegypt.
1345 1334 1428 1359 tom.
1444 1324 1471 1358 Ι.
1490 1337 1520 1370 p.
1545 1325 1614 1358 126.
1636 1327 1677 1360 11.
1694 1337 1726 1373 p.
1752 1335 1820 1368 ¹42·
1836 1325 1902 1370 156.
1925 1333 1985 1360 etc.

265 1375 408 1412 Oberliu.
434 1373 476 1409 ad
497 1375 631 1410 Vibium
651 1375 811 1424 Sequestr.
834 1374 873 1410 de
890 1374 1084 1410 fluminibus
1099 1386 1159 1410 etc.
1175 1388 1207 1422 p.
1224 1388 1292 1418 ¹47·
1308 1374 1353 1423 sq.
1368 1385 1399 1413 et
1416 1375 1456 1409 de
1473 1372 1584 1408 fabula
1599 1373 1640 1410 de
1658 1385 1734 1411 ortu
1748 1375 1820 1411 Nili
1836 1388 1877 1412 ex
1896 1377 1987 1411 Para·

265 1424 336 1462 diso
347 1453 359 1468 ‚
385 1429 420 1462 in
435 1424 510 1461 cod.
528 1425 666 1462 Vindob.
683 1429 707 1462 1.
724 1440 773 1461 nr.
791 1438 839 1461 10.
858 1428 1014 1463 v.·Laml1.
1034 1439 1159 1462 comm.
1175 1427 1242 1462 vol.
1259 1429 1318 1462 VI.
1338 1434 1410 1473 part
1427 1428 1451 1460 1.
1469 1439 1500 1473 p.
1517 1437 1573 1459 20.
1586 1426 1654 1472 H,]
1811 1444 1815 1445 ν
1996 1430 1999 1432 ’

369 1481 410 1513 11.
437 1477 544 1517 Nilus,
559 1477 752 1523 proconsul,
778 1475 952 1524 Pansophii
969 1480 1119 1519 martyris
1134 1487 1237 1525 pater,
1263 1479 1404 1513 Menaea
1419 1479 1573 1513 Graecor.
1590 1475 1632 1512 ad
1649 1475 1818 1514 decimum
1831 1479 1986 1528 quintum

264 1531 425 1568 Ianuarii,
451 1537 482 1562 et
501 1530 577 1561 Acta
594 1529 742 1563 Sanctor.
760 1538 843 1563 tom.
864 1530 890 1562 1.
908 1530 1048 1564 Ianuarii
1063 1541 1096 1576 p.
1114 1530 1191 1572 996.
1216 1569 1219 1570 ⁷

364 1580 424 1615 ΙΙΙ.
452 1580 562 1617 Nilus,
577 1579 762 1627 Aegyptius
777 1578 936 1625 episcopus
949 1587 979 1615 et
994 1586 1141 1627 martyr:
1167 1578 1210 1615 de
1231 1592 1298 1629 quo
1311 1578 1466 1626 Eusebius
1482 1578 1523 1615 de
1537 1581 1733 1628 martyriBus
1747 1579 1941 1617 Palaestinae
1956 1593 1986 1617 e.

263 1643 309 1675 13.
325 1645 355 1680 p.
373 1641 443 1673 343.
462 1629 510 1668 ed,
527 1630 634 1665 Vales.
652 1630 698 1664 id.
715 1633 804 1666 VIII.
821 1642 865 1673 13.
890 1630 963 1665 hist.
987 1644 1019 1679 p.
1044 1637 1118 1673 308.
1141 1629 1192 1666 ed.
1212 1632 1317 1668 Vales.
1341 1640 1373 1666 et
1391 1644 1431 1667 ex
1455 1633 1522 1667 hoc
1543 1631 1623 1668 loeo
1640 1633 1808 1679 Mcephor.
1825 1632 1985 1680 Callistus.

261 1683 338 1720 libr.
348 1684 422 1718 VII.
434 1695 503 1730 cap.
519 1684 566 1715 16.
578 1683 957 1729 anologiumGraecor.
974 1695 1015 1718 ex
1030 1684 1300 1731 interpretatione
1315 1682 1404 1718 Guil.
1414 1684 1537 1725 sirleti,
1563 1686 1650 1720 inter
1662 1687 1811 1733 antiquas
1825 1684 1911 1727 Iectt.
1922 1686 1984 1719 Ca-

260 1733 336 1769 nifii
352 1743 435 1768 tom.
448 1736 488 1768 V.
504 1731 558 1767 die
574 1744 618 1775 17.
636 1735 723 1781 Sept.
773 1734 991 1781 Menologium
1005 1735 1044 1769 ab
1059 1733 1206 1781 Vghello
1222 1732 1347 1769 editum
1364 1744 1447 1770 tom.
1463 1738 1520 1770 VI.
1540 1735 1647 1770 italiae
1661 1733 1765 1771 sacrae
1785 1748 1819 1783 p.
1836 1736 1929 1778 1076:
1953 1745 1986 1771 et

260 1786 424 1827 Menaea,
450 1786 598 1820 Veneriis
615 1782 730 1821 excusa
745 1796 880 1835 graece,
907 1785 1088 1833 Septembr.
1103 1797 1137 1835 p.
1154 1784 1283 1835 247.sq.
1302 1785 1467 1833 mimmii,
1494 1785 1624 1823 Adonis
1644 1796 1683 1833 et*
1698 1787 1761 1823 alia
1783 1785 1984 1832 martyrolo-

259 1838 313 1884 gia
328 1849 371 1883 19.
387 1838 478 1884 Sept.
1880 1843 1883 1845 ’

1778 1890 1838 1925 IV.
1862 1888 1986 1924 Nilus

302 1995 340 2035 a)
363 1995 495 2028 Diodor.
512 1996 575 2028 Sic.
589 1996 659 2029 libr.
678 2001 703 2028 1.
718 2008 782 2039 cap.
800 2007 832 2036 19
847 2004 876 2028 et
890 2003 933 2034 63.
954 1997 1051 2030 Fabr.
1146 2001 1243 2031 Νέλοε
1268 1999 1398 2034 dicitur3
1419 1998 1470 2031 sed
1489 1996 1601 2030 Νιλιῦς.
1646 1997 1701 2029 sed
1716 1995 1870 2040 ‘Vult-oni,
1892 2007 1982 2040 quem

299 2039 338 2077 b)
356 2042 467 2069 Latinis
489 2039 580 2071 Melo.
604 2052 631 2071 v.
657 2040 809 2080 Stcplzani
831 2043 857 2072 le
875 2043 990 2082 [Uo-qne
1010 2043 1094 2084 epist.
1146 2044 1359 2086 philosophiae
1375 2046 1568 2074 inuentorem
1593 2041 1740 2072 celebrari
1763 2039 1841 2078 legas
1861 2051 1875 2070 a
1892 2044 1981 2072 Laer-

258 2080 295 2110 ad
313 2083 396 2113 Gisb.
413 2085 565 2123 Cuperum
596 2082 635 2112 de
654 2084 885 2125 Meianophoris
908 2093 937 2115 et
959 2086 1094 2117 Gilbprti
1145 2089 1189 2116 tio
1207 2089 1246 2121 in)
1260 2090 1365 2118 limine
1384 2088 1555 2128 prooemii,
1577 2094 1662 2126 pater
1683 2083 1776 2117 Nilus
1798 2083 1876 2126 apud
1897 2094 1980 2114 eum·-

259 2123 417 2155 Gssulmini
432 2134 495 2157 not.
511 2125 548 2154 ad
563 2127 656 2156 vitam
678 2128 766 2157 Molis
782 2138 810 2167 p.
827 2137 895 2166 247.
910 2128 1005 2159 Fabr.
1023 2128 1093 2159 add.
1144 2129 1212 2159 dem
1227 2133 1378 2161 Lae'rtium
1402 2138 1431 2159 et
1452 2130 1621 2160 Ciceromm
1643 2130 1697 2158 111.
1718 2127 1755 2157 de
1778 2137 1883 2158 natura
1904 2126 1980 2156 deo·

260 2176 322 2196 not.
338 2178 354 2196 a
369 2167 375 2195 1
393 2167 580 2197 Plutarchum
595 2168 614 2199 l.
633 2179 658 2198 c.
674 2180 740 2211 pag.
756 2175 827 2207 766.
841 2170 882 2210 sq.
901 2171 941 2201 H.
1148 2183 1214 2202 rum
1238 2183 1302 2216 cap.
1323 2183 1358 2206 ιι
1380 2181 1410 2205 et
1425 2183 1472 2205 22.
1496 2173 1565 2213 [vbi
1587 2170 1723 2203 consule·
1736 2171 1849 2203 Daunii
1866 2170 1979 2211 notam]
1998 2175 1999 2178 ’

301 2211 331 2246 c)
357 2211 479 2240 Homer.
501 2209 604 2246 Odyff.
622 2209 659 2240 δ’.
677 2223 746 2250 427·
763 2221 791 2243 et
811 2213 855 2242 ibi
870 2214 996 2244 Eussath.
1019 2216 1094 2245 Dio·
1146 2215 1244 2249 Fabr-

263 2251 339 2285 Roro
357 2254 414 2286 Sic.
431 2252 572 2294 quidem,
594 2257 646 2297 qui
661 2256 757 2287 fluuio
773 2266 885 2288 nomen
912 2256 1013 2295 dedit,
1031 2268 1093 2290 uon

1198 2296 1216 2303 κ
