2023 2656
195 126 262 165 408
312 120 384 155 Lib.
399 117 446 155 V.
463 128 488 152 c.
507 116 613 153 XXI.

736 114 901 151 PROCLI
924 111 1210 150 iNs'rlTvTio
1233 112 1544 150 THEOLOGICA
1687 111 1834 140 Vowm.
1844 111 1927 148 125¹&

198 218 256 264 gio
280 216 321 259 ε),
349 212 488 261 protulit
503 221 534 246 et
548 208 696 247 versione
714 207 823 244 addita
843 206 1014 244 illustrauit
1038 206 1198 244 Aemilius-
1215 208 1362 250 Portm,
1394 207 1623 251 Ferrarieiifis,
1658 206 1820 245 Francisci
1840 212 1932 247 Posti

203 264 364 301 Cretensis
381 263 478 303 filius,
502 262 784 310 Hamburgii618.
803 257 866 295 fol.
917 258 1013 294 Idem
1029 271 1113 308 opus
1128 271 1205 294 curn
1220 257 1352 294 scholiis
1368 263 1493 307 graecis
1506 252 1741 310 marginalibus
1757 273 1931 297 occurrere

204 321 240 352 in
257 316 452 352 bibliotheca
468 311 693 362 Augustissimi
711 313 928 359 imperatoris,
944 307 1043 346 refert
1059 311 1241 345 Lambecius
1255 309 1311 345 lib.
1328 312 1401 345 VII.
1423 322 1454 358 p.
1461 322 1515 354 37.
1539 309 1571 355 ⁶¹)
1624 310 1718 347 Idem
1739 311 1817 347 alibi
1841 312 1934 347 testa-

205 379 276 408 tur,
304 371 338 402 in
354 365 474 401 eodem
489 363 637 400 thesauro
652 363 786 399 librario
805 361 926 397 exstare
941 360 1127 397 versionem
1143 365 1311 410 antiquam
1326 361 1418 397 Guil.
1437 360 1478 397 de
1496 362 1674 404 Morbeka‚
1689 364 1854 400 ¹monachi
1873 362 1937 398 do-

206 420 377 462 minicani,
398 420 459 465 qui
476 415 659 452 Clementis
677 417 749 454 IV..
774 425 889 461 papae,
905 415 1176 461 poenitentiarius
1195 411 1270 447 fuit.
1320 411 1407 448 Vide
1428 413 1487 448 lib.
1509 415 1568 448 111.
1585 426 1660 462 pag.
1683 425 1752 456 323.
1774 423 1806 449 et
1829 414 1885 449 lib.
1906 416 1933 450 Ι.

207 483 284 519 pag.
300 480 378 513 147.
394 468 458 517 seq.
486 469 530 515 [p.
549 479 622 511 270.
640 464 691 503 ed.
710 464 849 509 Kolian]
876 464 931 499 vbi
951 462 1117 511 promisit,
1135 462 1166 501 se
1183 464 1274 501 illam
1294 463 1542 499 translationem
1562 478 1642 499 cnm
1666 468 1759 500 variis
1781 465 1936 500 lediioni·

212 522 271 557 bus
291 523 413 570 graecis
434 533 475 554 ex
492 517 597 556 codd,
619 515 765 552 Vindob.
780 514 956 550 editurum
975 517 1011 550 in
1034 512 1264 563 supplemento
1289 511 1518 563 philosophiae
1541 515 1746 558 Platonicae,
1774 514 1828 550 fied
1843 519 1936 562 cuiue

211 570 370 621 vulgandi
389 569 457 620 spes
476 582 547 605 non
559 572 670 604 minus
686 576 852 616 quamtot
867 565 1012 602 aliorum
1027 568 1241 617 egregiorum
1255 564 1513 614 promissorum,
1547 565 1619 616 ipso
1644 564 1822 608 defuneto,
1853 569 1936 604 iam·

213 623 341 659 dudum
355 620 531 658 intercidit.
1099 617 1102 619 ’
1248 615 1252 618 ’

378 717 437 751 VI·
463 710 688 760 Eroixeiwm
705 710 917 759 Θεολογηιῆ,
934 708 1130 758 ,κεφάλαια
1147 708 1219 749 mx'·
1270 710 1436 756 Institutio
1451 710 1634 759 theologica,
1648 709 1716 746 siue
1738 711 1939 761 propositio-

215 781 270 805 nes
284 779 349 804 211.
375 765 408 815 ¹)
434 778 512 802 cum
528 764 669 801 totidem
683 764 1040 805 demonstrationibus,
1065 763 1165 798 latine
1180 776 1222 799 ex
1240 761 1397 799 mersione
1413 761 1577 807 Francg'sci
1598 763 1737 800 Patricii
1752 763 1863 800 lucem
1882 763 1937 799 ad.

259 973 290 1013 c)
312 970 392 1004 Vide
407 970 486 1002 Gnil.
502 969 668 1002 Cambdeni
684 968 822 1010 epistolas
845 979 872 1009 p.
883 978 950 1007 173.

258 1016 300 1053 d)
331 1018 366 1044 In
389 1014 543 1046 Lambecii
565 1024 675 1044 comm.
704 1011 767 1042 vol.
792 1014 862 1042 VII.
885 1011 984 1053 plures
1009 1021 1060 1041 oc-

216 1065 342 1089 currunt
372 1065 401 1087 et
438 1059 547 1099 partim
579 1055 704 1098 copiose
729 1054 930 1089 ¹recensentur
967 1053 1057 1084 codd.

220 1103 270 1141 qni
295 1101 399 1131 Procli
421 1100 517 1130 libros
540 1100 730 1136 theologicos
748 1099 915 1127 continent.
961 1100 1059 1139 Atque

220 1145 377 1174 breuitatis
401 1142 495 1173 studio
512 1142 672 1177 librorum,
696 1151 816 1182 paragr.
840 1147 869 1169 et
878 1143 916 1171 V.
933 1147 961 1170 et
970 1143 1022 1170 VI.
1042 1150 1060 1169 a

219 1188 306 1217 Fabr.
330 1193 567 1216 memoratorum
586 1194 615 1214 et
637 1186 668 1213 in
692 1182 781 1213 codd.
806 1183 981 1217 obuiorum,
1005 1193 1060 1211 no-

221 1230 335 1265 titiam,
354 1229 410 1259 ,vbi
433 1239 508 1269 opus
531 1231 607 1263 erit,
629 1226 721 1263 *simul
742 1225 831 1256 dabo.
868 1226 914 1254 Sic
936 1227 968 1254 in
991 1223 1059 1253 cod.

221 1274 303 1303 XIV·
328 1282 375 1303 nt.
398 1281 422 1301 1.
445 1272 548 1302 Procli
568 1271 640 1301 libri
663 1273 716 1301 VI.
739 1268 800 1308 nefa*
814 1269 860 1299 τῆς
882 1265 955 1296 'turca'
978 1265 1060 1296 Πλεί-

223 1316 467 1350 τωνσιΘεολογὶας
495 1322 551 1344 etc.
584 1324 628 1342 nr.
653 1323 681 1344 2.
711 1311 858 1352 institutio
890 1310 1061 1350 theologiae

219 1358 414 1398 platonicae,
448 1359 480 1386 in
510 1358 609 1397 capita
638 1356 765 1385 ducenta
790 1354 924 1384 vndecim
953 1351 1061 1393 diuisa.

225 1404 322 1441 Atque
346 1398 483 1431 Lambec.
514 1410 544 1440 p.
566 1408 613 1436 79.
644 1397 809 1431 obseruat.‚
850 1395 960 1426 Procli
983 1396 1064 1424 insti-

227 1451 282 1473 tut.
298 1442 508 1479 >theologicam
531 1441 623 1471 latine
653 1442 785 1481 primum
813 1438 929 1468 versam
950 1437 1017 1471 effe
1047 1448 1064 1466 a

228 1484 311 1517 Guil.
334 1484 493 1516 Morbcffa
515 1483 563 1514 vel
585 1482 749 1518 Morbeta,
786 1491 912 1522 eamque
931 1481 978 1515 ‚ab
1007 1479 1063 1510 illo

228 1528 287 1558 esse
311 1528 475 1558 absolutam
498 1527 618 1559 viterbi
641 1526 669 1555 d.
694 1531 733 1558 18.
758 1525 835 1555 Maii
863 1535 890 1554 a.
915 1526 951 1559 ,C.
975 1528 1062 1559 1168.

229 1581 355 1612 eamque
378 1569 604 1600 translationem
636 1569 719 1598 latin.
748 1569 859 1597 exstare
887 1576 992 1596 rustam
1021 1568 1065 1594 in-

231 1623 276 1644 ter
302 1613 390 1643 codd.
414 1613 521 1642 caesar.
537 1612 726 1650 theologicos
741 1610 792 1640 lat.
808 1612 839 1639 in
857 1609 925 1639 cod.
935 1611 1065 1645 CLXIV.

177 1654 179 1656 ’
232 1667 327 1691 nunc,
351 1656 512 1685 adnotante
536 1654 689 1690 Kollario‚
712 1656 743 1683 in
766 1652 853 1683 classe
876 1653 978 1683 histor.
996 1649 1068 1680 eccl.

232 1698 300 1728 cod.
323 1701 374 1729 XI.
403 1707 491 1739 atque
520 1699 628 1729 Lamb-
654 1700 685 1727 in
708 1696 770 1726 vol.
794 1700 818 1727 Ι.
843 1705 910 1736 pag.
934 1699 1002 1731 269.
1026 1693 1067 1734 sq.

234 1742 342 1778 docet,
365 1741 458 1770 libros
482 1741 528 1770 sex
553 1741 589 1770 de
613 1740 765 1782 platonica
794 1738 950 1775 theologia
978 1738 1069 1766 exsta·

232 1795 265 1814 rt
288 1795 331 1821 gr.
355 1783 501 1816 incodd.
522 1786 656 1815 XXXIII.
680 1792 709 1812 et
731 1785 863 1813 XXXIV·
885 1783 963 1810 inter
979 1778 1067 1809 codd.

231 1827 459 1869 philosophicos
488 1834 517 1856 et
544 1826 748 1868 philologicos
776 1834 899 1862 graecos
923 1831 1012 1864 atque
1036 1824 1067 1850 in

233 1870 293 1899 alio
318 1869 444 1904 codice,
468 1877 497 1899 et
520 1872 687 1900 versionem
710 1868 929 1910 institutionum
944 1876 1000 1895 ete.
1016 1864 1068 1894 lat.

233 1923 250 1942 a
274 1911 433 1943 Mon-beffa
451 1912 571 1948 factam,
592 1915 621 1941 in
646 1912 713 1941 cod.
738 1912 865 1942 CLXIV.
888 1916 977 1949 atque
1001 1918 1068 1937 cum

232 1958 264 1985 in
290 1963 386 1991 textu,
401 1965 472 1987 ,tum
496 1957 526 1985 in
551 1954 782 1989 Additamento,
806 1954 847 1992 (a
871 1951 1006 1982 Kollario
1035 1951 1068 1979 in

232 2006 303 2028 nota
327 1998 489 2037 subiectoQ
512 1997 548 2027 de
572 1999 666 2028 tribus
686 1997 746 2026 illis
770 1995 858 2026 codd.
877 2005 910 2024 ac
934 1995 1070 2024 versione

231 2041 405 2071 Morbectae
438 2041 540 2082 paullo
568 2042 700 2070 «vberius
738 2039 869 2073 distet-it,
910 2035 1070 2075 laudatque

231 2083 314 2115 Phil.
337 2083 512 2118 Labbaefum
527 2085 566 2119 ⁸in
589 2081 754 2114 Aristotelis
777 2089 805 2110 et
826 2080 956 2110 Platonis
972 2081 1070 2115 ,inter-

231 2134 348 2166 pretum
379 2137 574 2164 graecorum,
619 2127 696 2166 typis
733 2125 872 2154 hac‘tenus
903 2121 1070 2156 editorum,

234 2169 401 2209 conspectu.
424 2170 558 2199 Lutetiae
572 2174 652 2206 1657.
671 2179 700 2205 4.
724 2168 774 2198 vbi
792 2166 968 2197 Guillelmus
984 2164 1070 2194 Mor·

235 2210 320 2242 hctus
341 2210 519 2251 adpellatnr.
543 2228 585 2234 —
611 2215 644 2241 In
666 2209 734 2239 cod.
753 2211 816 2239 XV.
833 2208 893 2239 vol.
909 2210 978 2237 VII.
1001 2216 1070 2247 pag.

237 2260 281 2286 82.
310 2253 347 2282 de
371 2253 524 2293 platonica
543 2253 699 2290 theologia
719 2252 789 2281 libri
809 2255 832 2282 1.
856 2254 893 2280 11.
910 2258 939 2279 et
953 2252 1005 2280 IV.
1029 2265 1071 2273 —

235 2298 267 2326 in
284 2294 352 2325 cod.
369 2297 447 2326 XVI.
457 2295 531 2328 ibid.
549 2295 643 2327 eiusd.
659 2293 855 2337 operis-'libri
876 2295 900 2324 1.
915 2294 967 2323 IV.
990 2299 1019 2322 et
1032 2293 1071 2322 V.

1106 2207 1395 2241 ,MMCMLxxan
1435 2208 1512 2244 regis
1550 2208 1626 2238 Gall.

1836 813 1945 866 spexit

1094 964 1179 997 ibid.
1195 965 1304 997 incod.
1323 968 1418 998 XVII.
1433 967 1505 998 libi-i
1515 970 1647 1000 1.1v.⁴v.
1657 970 1749 1000 etvx.
1763 984 1806 993 —
1829 965 1941 1001 inco‘d.

1102 1012 1210 1040 LVIII.
1230 1009 1285 1050 (de
1300 1020 1360 1052 quo
1375 1020 1403 1040 v.
1417 1011 1592 1042 Kollarium
1612 1013 1651 1041 in.
1661 1011 1810 1053 Supplem.
1832 1021 1862 1052 p.
1878 1018 1941 1047 415.

1102 1052 1165 1094 sqq.
1184 1055 1237 1094 qui
1253 1053 1332 1082 hunc
1347 1053 1414 1082 cod.
1431 1065 1498 1083 cum
1508 1054 1596 1084 editis
1607 1054 1768 1096 exemplar.
1779 1053 1943 1090 diligenter

1103 1093 1322 1125 conferendum
1339 1095 1487 1137 indicat‚)
1510 1096 1643 1126 eiusdem
1665 1099 1766 1138 operis
1790 1096 1862 1126 libri
1883 1094 1942 1126 sex.

1102 1155 1146 1162 -
1191 1137 1350 1179 Augustae
1385 1138 1504 1170 Vindel.
1535 1141 1645 1170 exstant
1681 1143 1713 1170 in
1745 1138 1833 1169 codd.
1861 1140 1941 1169 MSS.

1103 1188 1265 1213 comment.
1284 1183 1316 1211 in
1330 1180 1461 1212 Platonis
1476 1183 1569 1212 theol.
1588 1185 1663 1212 tomi
1678 1186 1717 1213 11.
1733 1182 1832 1212 rursus
1848 1181 1944 1212 iidem

1095 1222 1174 1257 libr.
1191 1226 1243 1254 VI.
1259 1231 1289 1253 et
1302 1224 1502 1265 hypotyposes
1516 1224 1711 1258 eleumtheol.
1727 1241 1769 1248 -—
1787 1233 1850 1255 tum
1863 1224 1944 1254 liber

1105 1268 1128 1296 1.
1144 1276 1211 1295 cum
1229 1268 1383 1308 principio
1396 1266 1526 1297 secundi.
1544 1279 1577 1299 .V.
1594 1267 1708 1309 [ἔθιγεν.
1726 1276 1782 1298 cat.
1802 1279 1831 1309 p.
1841 1278 1888 1305 74.
1900 1274 1941 1304 35.

1105 1318 1149 1345 41.
1165 1325 1209 1332 --
1233 1308 1392 1340 Monac-hii
1405 1311 1437 1339 in
1453 1310 1520 1340 cod.
1532 1313 1646 1342 CLXV.
1665 1310 1701 1340 de
1719 1310 1811 1341 theol.
1829 1310 1943 1352 platon.

1098 1349 1179 1383 libri
1193 1353 1248 1381 VI.
1272 1359 1301 1380 et
1315 1353 1346 1381 in
1363 1351 1432 1381 cod.
1447 1355 1576 1384 CLXVI.
1599 1353 1676 1383 liber
1692 1362 1825 1394 quartus.
1839 1364 1868 1383 v.
1883 1361 1943 1383 cat.

1108 1391 1198 1422 codd.
1219 1396 1324 1424 Batiai.
1348 1404 1416 1435 pag.
1441 1400 1490 1432 64.
1504 1412 1547 1418 -
1568 1396 1675 1428 Paris.
1689 1398 1720 1425 in
1731 1395 1803 1425 bibl.
1814 1394 1895 1437 publ.
1906 1394 1944 1424 de

1108 1435 1202 1465 theol.
1219 1436 1293 1469 Plat.
1309 1435 1382 1466 libri
1396 1439 1450 1467 IV.
1471 1440 1503 1467 in
1517 1437 1628 1479 septem
1652 1438 1740 1468 codd.
1762 1456 1805 1461 —
1825 1438 1944 1477 Medio-

1097 1477 1268 1514 ‚laaifinqss
1283 1479 1422 1509 Ambros.
1443 1480 1548 1512 Procli
1565 1480 1660 1512 theol.
1681 1483 1751 1511 teste
1771 1480 1946 1522 Montfauc.

1100 1520 1182 1554 bibl.
1198 1520 1272 1551 bibl.
1283 1522 1372 1556 MSS.
1393 1524 1413 1551 1.
1432 1533 1460 1563 p.
1476 1531 1540 1559 522.
1556 1523 1593 1554 E.
1607 1540 1650 1547 -—
1667 1524 1799 1556 Venetiis
1807 1528 1839 1556 in
1856 1523 1946 1559 codd.

1109 1563 1183 1593 bibl.
1200 1566 1292 1594 Marc.
1309 1567 1420 1595 CXCII.
1435 1573 1464 1595 et
1480 1568 1659 1597 exennia
1679 1567 1771 1598 theol.
1788 1569 1858 1599 Plat.
1873 1570 1947 1602 libri

1106 1610 1162 1638 VI.
1177 1614 1206 1636 et
1228 1607 1352 1636 institut.
1369 1607 1557 1646 theologica,
1574 1626 1622 1635 .-
1643 1612 1674 1639 in
1691 1609 1781 1642 codd.
1797 1614 1889 1644 DXII.
1915 1621 1948 1644 et

1110 1651 1215 1679 DXXI.
1229 1650 1375 1679 institutio
1393 1651 1487 1681 theol.
1513 1663 1542 1682 v.
1558 1652 1719 1684 cat.codd.
1737 1663 1782 1691 gr.
1799 1657 1892 1686 Marc.
1914 1667 1946 1698 p.

1111 1702 1175 1728 109.
1192 1697 1260 1730 276.
1271 1698 1337 1725 280.
1354 1709 1395 1716 —
1411 1693 1514 1725 Venet.
1531 1696 1564 1724 in
1579 1694 1648 1724 cod.
1659 1698 1801 1727 Naniano
1810 1700 1946 1731 chxv.

1109 1735 1162 1766 Iib.
1186 1738 1210 1765 1.
1231 1742 1260 1764 et
1282 1737 1321 1765 11.
1339 1747 1375 1766 vv.
1400 1744 1456 1766 cat.
1480 1736 1571 1766 codd.
1591 1749 1635 1775 gr.
1663 1741 1744 1769 Nan.
1765 1751 1794 1781 p.
1819 1749 1880 1778 253.
1907 1756 1947 1766 -

1111 1779 1224 1810 Patau.
1242 1779 1274 1807 in
1291 1777 1517 1809 bibl-Theatin.
1535 1780 1632 1810 Procli
1648 1781 1834 1820 Theologia.
1849 1796 1878 1815 v.
1894 1785 1950 1816 To·
2012 1765 2014 1767 >

1111 1821 1217 1862 ”tufini
1230 1819 1303 1850 bibl.
1321 1823 1419 1851 Patau.
1433 1824 1512 1853 MSS.
1530 1834 1560 1864 p.
1578 1829 1621 1856 82.
1644 1840 1686 1847 —
1709 1824 1810 1856 Oxon.
1825 1828 1857 1856 in
1873 1827 1947 1858 bibl.

1112 1863 1198 1895 Bodl.
1220 1865 1252 1893 in
1275 1862 1343 1893 cod.
1368 1864 1495 1896 Barocc.
1517 1868 1634 1896 CCXII.
1656 1866 1735 1897 liber
1755 1870 1881 1909 primus.
1903 1888 1948 1894 —

1112 1909 1144 1936 in
1167 1905 1235 1936 cod.
1257 1906 1360 1937 Laudi
1379 1919 1434 1941 nr.
1458 1919 1529 1946 704.
1561 1918 1618 1938 cat.
1648 1910 1741 1940 theol.
1772 1910 1844 1944 Plat.
1874 1913 1948 1944 libri

1113 1949 1170 1979 sex.
1217 1953 1251 1979 In
1275 1950 1408 1990 quinque
1429 1951 1518 1981 codd.
1545 1951 1616 1981 bibl.
1632 1951 1781 1992 Escoru'al.
1802 1953 1868 1985 snut
1884 1958 1949 1997 qui-

1111 1992 1182 2022 dam
1205 1992 1304 2022 Procli
1330 1992 1401 2022 libri
1424 1996 1454 2022 in
1480 1993 1551 2023 Plat.
1575 1995 1668 2025 theol.
1690 2004 1719 2025 et
1741 1997 1772 2025 in
1796 1996 1857 2027 alio
1880 1997 1948 2028 cod.

1113 2037 1206 2065 Instit.
1232 2033 1325 2065 theol.
1355 2037 1425 2066 teste
1447 2037 1560 2068 Piticro
1592 2038 1624 2066 in
1653 2039 1754 2068 itiner.
1782 2049 1837 2081 per
1864 2041 1949 2084 Hisp.

1115 2090 1143 2120 p.
1167 2084 1225 2111 188.
1259 2077 1359 2114 (Harl.

1157 2162 1189 2203 e)
1212 2165 1316 2204 capita
1342 2173 1407 2193 100.
1437 2162 1474 2192 de
1503 2162 1690 2205 perfectione
1719 2168 1779 2198 MS.
1808 2177 1853 2205 gr.
1881 2167 1949 2201 cod.
1974 2162 1981 2166 ‘

1118 2246 1121 2249 Δ
1681 2210 1777 2240 Fabr.
1833 2213 1867 2242 Iu
1901 2211 1950 2241 sex

1114 2246 1204 2277 codd.
1231 2247 1304 2278 bibl.
1330 2249 1436 2279 Paris.
1463 2249 1544 2290 publ.
1569 2252 1738 2282 exstant.-
1765 2244 1895 2284 Tanai-ini
1917 2256 1953 2284 iit

1115 2289 1189 2321 bibl.
1206 2290 1360 2332 quondam
1375 2294 1458 2330 regia
1473 2295 1506 2322 in
1520 2293 1588 2324 cod.
1606 2296 1759 2327 CCCXVI.
1776 2295 1891 2334 fol.47.
1915 2307 1951 2326 ex

1844 2339 1950 2370 Procli
