<?xml version="1.0" encoding="UTF-8"?>
<!DOCTYPE html PUBLIC "-//W3C//DTD XHTML 1.0 Transitional//EN"
    "http://www.w3.org/TR/xhtml1/DTD/xhtml1-transitional.dtd">
<html xmlns="http://www.w3.org/1999/xhtml" xml:lang="en" lang="en">
 <head>
  <title>
</title>
<meta http-equiv="Content-Type" content="text/html;charset=utf-8" />
  <meta name='ocr-system' content='tesseract 3.04.00' />
  <meta name='ocr-capabilities' content='ocr_page ocr_carea ocr_par ocr_line ocrx_word'/>
</head>
<body>
  <div class='ocr_page' id='page_1' title='image "./bibliothecagraec09fabruoft_0249.png"; bbox 0 0 2023 2656; ppageno 0'>
   <div class='ocr_carea' id='block_1_1' title="bbox 52 121 313 158">
    <p class='ocr_par' dir='ltr' id='par_1_1' title="bbox 52 121 313 158">
     <span class='ocr_line' id='line_1_1' title="bbox 52 121 313 158; baseline 0.008 -10"><span class='ocrx_word' id='word_1_1' title='bbox 52 121 118 149; x_wconf 76' lang='lat' dir='ltr'>Vol.</span> <span class='ocrx_word' id='word_1_2' title='bbox 132 121 208 150; x_wconf 82' lang='lat' dir='ltr'>vm.</span> <span class='ocrx_word' id='word_1_3' title='bbox 221 129 250 158; x_wconf 76' lang='lat' dir='ltr'>p.</span> <span class='ocrx_word' id='word_1_4' title='bbox 265 127 313 155; x_wconf 78' lang='lat'>³19</span> 
     </span>
    </p>
   </div>
   <div class='ocr_carea' id='block_1_2' title="bbox 714 121 1112 158">
    <p class='ocr_par' dir='ltr' id='par_1_2' title="bbox 714 121 1112 158">
     <span class='ocr_line' id='line_1_2' title="bbox 714 121 1112 158; baseline -0.005 0"><span class='ocrx_word' id='word_1_5' title='bbox 714 121 881 158; x_wconf 81' lang='lat' dir='ltr'>AETIVS</span> <span class='ocrx_word' id='word_1_6' title='bbox 907 121 1112 158; x_wconf 86' lang='lat' dir='ltr'>MEDICVS</span> 
     </span>
    </p>
   </div>
   <div class='ocr_carea' id='block_1_3' title="bbox 1334 114 1774 165">
    <p class='ocr_par' dir='ltr' id='par_1_3' title="bbox 1334 114 1774 165">
     <span class='ocr_line' id='line_1_3' title="bbox 1334 114 1774 165; baseline -0.005 -11"><span class='ocrx_word' id='word_1_7' title='bbox 1334 118 1407 155; x_wconf 60' lang='lat' dir='ltr'>Lm.</span> <span class='ocrx_word' id='word_1_8' title='bbox 1421 118 1465 156; x_wconf 82' lang='lat' dir='ltr'>V.</span> <span class='ocrx_word' id='word_1_9' title='bbox 1479 130 1501 154; x_wconf 71' lang='grc' dir='ltr'>ι.</span> <span class='ocrx_word' id='word_1_10' title='bbox 1512 115 1659 155; x_wconf 78' lang='lat' dir='ltr'>XVIII.</span> <span class='ocrx_word' id='word_1_11' title='bbox 1709 114 1774 165; x_wconf 69' lang='lat'>&#39;2⁴29</span> 
     </span>
    </p>
   </div>
   <div class='ocr_carea' id='block_1_4' title="bbox 26 207 1769 314">
    <p class='ocr_par' dir='ltr' id='par_1_4' title="bbox 26 207 1769 314">
     <span class='ocr_line' id='line_1_4' title="bbox 26 207 1768 264; baseline -0.002 -15"><span class='ocrx_word' id='word_1_12' title='bbox 26 207 30 210; x_wconf 37' lang='lat'>²</span> <span class='ocrx_word' id='word_1_13' title='bbox 50 224 120 250; x_wconf 87' lang='lat' dir='ltr'>tum</span> <span class='ocrx_word' id='word_1_14' title='bbox 143 214 244 263; x_wconf 77' lang='lat' dir='ltr'>legit,</span> <span class='ocrx_word' id='word_1_15' title='bbox 278 213 473 264; x_wconf 83' lang='lat' dir='ltr'>dignitatem</span> <span class='ocrx_word' id='word_1_16' title='bbox 495 216 626 250; x_wconf 82' lang='lat' dir='ltr'>comitis</span> <span class='ocrx_word' id='word_1_17' title='bbox 644 210 800 263; x_wconf 69' lang='grc' dir='ltr'>Ὀψικῖε,</span> <span class='ocrx_word' id='word_1_18' title='bbox 826 211 875 256; x_wconf 66' lang='lat'>¹¹⁶)</span> <span class='ocrx_word' id='word_1_19' title='bbox 902 227 986 263; x_wconf 80' lang='lat' dir='ltr'>quae</span> <span class='ocrx_word' id='word_1_20' title='bbox 1001 212 1149 262; x_wconf 71' lang='lat' dir='ltr'>scriptori</span> <span class='ocrx_word' id='word_1_21' title='bbox 1169 213 1244 248; x_wconf 86' lang='lat' dir='ltr'>huic</span> <span class='ocrx_word' id='word_1_22' title='bbox 1259 214 1295 250; x_wconf 84' lang='lat' dir='ltr'>in</span> <span class='ocrx_word' id='word_1_23' title='bbox 1308 225 1407 248; x_wconf 80' lang='lat' dir='ltr'>manu</span> <span class='ocrx_word' id='word_1_24' title='bbox 1423 215 1559 249; x_wconf 80' lang='lat' dir='ltr'>exaratis</span> <span class='ocrx_word' id='word_1_25' title='bbox 1573 207 1768 260; x_wconf 74' lang='lat' dir='ltr'>quibusdam</span> 
     </span>
     <span class='ocr_line' id='line_1_5' title="bbox 45 261 1769 314; baseline -0.003 -13"><span class='ocrx_word' id='word_1_26' title='bbox 45 266 138 302; x_wconf 84' lang='lat' dir='ltr'>libris</span> <span class='ocrx_word' id='word_1_27' title='bbox 154 268 322 305; x_wconf 77' lang='lat' dir='ltr'><strong>tribuitur,</strong></span> <span class='ocrx_word' id='word_1_28' title='bbox 349 265 436 314; x_wconf 83' lang='lat' dir='ltr'>apud</span> <span class='ocrx_word' id='word_1_29' title='bbox 452 265 593 300; x_wconf 81' lang='lat' dir='ltr'>idoneos</span> <span class='ocrx_word' id='word_1_30' title='bbox 610 267 759 301; x_wconf 63' lang='lat' dir='ltr'>auctores</span> <span class='ocrx_word' id='word_1_31' title='bbox 773 269 828 300; x_wconf 73' lang='lat' dir='ltr'>vix</span> <span class='ocrx_word' id='word_1_32' title='bbox 846 275 918 300; x_wconf 84' lang='lat' dir='ltr'>ante</span> <span class='ocrx_word' id='word_1_33' title='bbox 933 275 1069 299; x_wconf 83' lang='lat' dir='ltr'>aetatem</span> <span class='ocrx_word' id='word_1_34' title='bbox 1087 264 1254 300; x_wconf 82' lang='lat' dir='ltr'>Iustiniani</span> <span class='ocrx_word' id='word_1_35' title='bbox 1274 266 1424 311; x_wconf 68' lang='lat' dir='ltr'>reperiri,</span> <span class='ocrx_word' id='word_1_36' title='bbox 1450 266 1495 298; x_wconf 89' lang='lat' dir='ltr'>vti</span> <span class='ocrx_word' id='word_1_37' title='bbox 1510 261 1584 312; x_wconf 84' lang='lat' dir='ltr'>post</span> <span class='ocrx_word' id='word_1_38' title='bbox 1604 261 1697 297; x_wconf 84' lang='lat' dir='ltr'>illam</span> <span class='ocrx_word' id='word_1_39' title='bbox 1719 274 1769 296; x_wconf 86' lang='lat' dir='ltr'>re·</span> 
     </span>
    </p>
   </div>
   <div class='ocr_carea' id='block_1_5' title="bbox 42 314 1136 364">
    <p class='ocr_par' dir='ltr' id='par_1_5' title="bbox 42 314 1136 364">
     <span class='ocr_line' id='line_1_6' title="bbox 42 314 1136 364; baseline 0 -13"><span class='ocrx_word' id='word_1_40' title='bbox 42 319 171 364; x_wconf 84' lang='lat' dir='ltr'>peritur</span> <span class='ocrx_word' id='word_1_41' title='bbox 187 314 297 364; x_wconf 83' lang='lat' dir='ltr'>saepe,</span> <span class='ocrx_word' id='word_1_42' title='bbox 323 315 411 364; x_wconf 86' lang='lat' dir='ltr'>apud</span> <span class='ocrx_word' id='word_1_43' title='bbox 427 318 694 362; x_wconf 77' lang='lat' dir='ltr'>Theophanem.</span> <span class='ocrx_word' id='word_1_44' title='bbox 719 326 752 352; x_wconf 85' lang='lat' dir='ltr'>et</span> <span class='ocrx_word' id='word_1_45' title='bbox 776 320 808 351; x_wconf 89' lang='lat' dir='ltr'>in</span> <span class='ocrx_word' id='word_1_46' title='bbox 828 316 963 351; x_wconf 86' lang='lat' dir='ltr'>historia</span> <span class='ocrx_word' id='word_1_47' title='bbox 982 314 1136 351; x_wconf 76' lang='lat' dir='ltr'>misceila.</span> 
     </span>
    </p>
   </div>
   <div class='ocr_carea' id='block_1_6' title="bbox 1194 309 1767 362">
    <p class='ocr_par' dir='ltr' id='par_1_6' title="bbox 1194 309 1767 362">
     <span class='ocr_line' id='line_1_7' title="bbox 1194 309 1767 362; baseline -0.009 -12"><span class='ocrx_word' id='word_1_48' title='bbox 1194 317 1236 350; x_wconf 71' lang='lat' dir='ltr'>At</span> <span class='ocrx_word' id='word_1_49' title='bbox 1258 325 1295 350; x_wconf 68' lang='lat' dir='ltr'>:x</span> <span class='ocrx_word' id='word_1_50' title='bbox 1318 326 1358 349; x_wconf 91' lang='lat' dir='ltr'>eo</span> <span class='ocrx_word' id='word_1_51' title='bbox 1380 313 1471 362; x_wconf 72' lang='lat' dir='ltr'>ipso,</span> <span class='ocrx_word' id='word_1_52' title='bbox 1504 311 1596 362; x_wconf 88' lang='lat' dir='ltr'>quod</span> <span class='ocrx_word' id='word_1_53' title='bbox 1624 309 1767 348; x_wconf 76' lang='lat' dir='ltr'>oribasii</span> 
     </span>
    </p>
   </div>
   <div class='ocr_carea' id='block_1_7' title="bbox 16 362 1767 619">
    <p class='ocr_par' dir='ltr' id='par_1_7' title="bbox 16 362 1767 619">
     <span class='ocr_line' id='line_1_8' title="bbox 41 362 1767 416; baseline -0.003 -13"><span class='ocrx_word' id='word_1_54' title='bbox 41 365 158 415; x_wconf 86' lang='lat' dir='ltr'>scripta</span> <span class='ocrx_word' id='word_1_55' title='bbox 170 366 300 408; x_wconf 78' lang='lat' dir='ltr'>laudat,</span> <span class='ocrx_word' id='word_1_56' title='bbox 327 381 398 403; x_wconf 83' lang='lat' dir='ltr'>non</span> <span class='ocrx_word' id='word_1_57' title='bbox 414 367 635 403; x_wconf 74' lang='lat' dir='ltr'>Constantino</span> <span class='ocrx_word' id='word_1_58' title='bbox 649 370 780 416; x_wconf 82' lang='lat' dir='ltr'>Magno</span> <span class='ocrx_word' id='word_1_59' title='bbox 795 367 921 410; x_wconf 85' lang='lat' dir='ltr'>modo,</span> <span class='ocrx_word' id='word_1_60' title='bbox 947 364 1001 402; x_wconf 89' lang='lat' dir='ltr'>sed</span> <span class='ocrx_word' id='word_1_61' title='bbox 1021 370 1118 402; x_wconf 79' lang='lat' dir='ltr'>etiam</span> <span class='ocrx_word' id='word_1_62' title='bbox 1133 368 1243 406; x_wconf 68' lang='lat' dir='ltr'>Ae&#39;tic.</span> <span class='ocrx_word' id='word_1_63' title='bbox 1265 367 1442 406; x_wconf 75' lang='lat' dir='ltr'>haeretico,</span> <span class='ocrx_word' id='word_1_64' title='bbox 1465 362 1497 399; x_wconf 85' lang='lat' dir='ltr'>se</span> <span class='ocrx_word' id='word_1_65' title='bbox 1523 363 1635 412; x_wconf 85' lang='lat' dir='ltr'>prodit</span> <span class='ocrx_word' id='word_1_66' title='bbox 1654 366 1767 399; x_wconf 85' lang='lat' dir='ltr'>iunio-</span> 
     </span>
     <span class='ocr_line' id='line_1_9' title="bbox 41 412 1763 466; baseline -0.003 -12"><span class='ocrx_word' id='word_1_67' title='bbox 41 430 130 454; x_wconf 83' lang='lat' dir='ltr'>rem:</span> <span class='ocrx_word' id='word_1_68' title='bbox 155 431 232 452; x_wconf 75' lang='lat' dir='ltr'>narn</span> <span class='ocrx_word' id='word_1_69' title='bbox 248 418 304 454; x_wconf 82' lang='lat' dir='ltr'>ille</span> <span class='ocrx_word' id='word_1_70' title='bbox 324 417 520 454; x_wconf 80' lang='lat' dir='ltr'><strong>medicinam</strong></span> <span class='ocrx_word' id='word_1_71' title='bbox 543 418 677 466; x_wconf 87' lang='lat' dir='ltr'>quidem</span> <span class='ocrx_word' id='word_1_72' title='bbox 701 417 780 454; x_wconf 82' lang='lat' dir='ltr'>fecit</span> <span class='ocrx_word' id='word_1_73' title='bbox 800 427 832 453; x_wconf 82' lang='lat' dir='ltr'>et</span> <span class='ocrx_word' id='word_1_74' title='bbox 855 416 941 466; x_wconf 85' lang='lat' dir='ltr'>ipse,</span> <span class='ocrx_word' id='word_1_75' title='bbox 967 416 1020 453; x_wconf 87' lang='lat' dir='ltr'>sed</span> <span class='ocrx_word' id='word_1_76' title='bbox 1043 428 1118 454; x_wconf 84' lang='lat' dir='ltr'>ante</span> <span class='ocrx_word' id='word_1_77' title='bbox 1139 418 1257 453; x_wconf 83' lang='lat' dir='ltr'>Iuliani</span> <span class='ocrx_word' id='word_1_78' title='bbox 1279 418 1476 465; x_wconf 85' lang='lat' dir='ltr'>imperium;</span> <span class='ocrx_word' id='word_1_79' title='bbox 1508 412 1566 450; x_wconf 83' lang='lat' dir='ltr'>sub</span> <span class='ocrx_word' id='word_1_80' title='bbox 1587 426 1673 463; x_wconf 76' lang='lat' dir='ltr'>quo,</span> <span class='ocrx_word' id='word_1_81' title='bbox 1708 412 1763 449; x_wconf 84' lang='lat' dir='ltr'>vel</span> 
     </span>
     <span class='ocr_line' id='line_1_10' title="bbox 39 463 1762 518; baseline -0.003 -15"><span class='ocrx_word' id='word_1_82' title='bbox 39 468 115 516; x_wconf 86' lang='lat' dir='ltr'>post</span> <span class='ocrx_word' id='word_1_83' title='bbox 129 467 240 518; x_wconf 81' lang='lat' dir='ltr'>quod,</span> <span class='ocrx_word' id='word_1_84' title='bbox 267 469 432 505; x_wconf 87' lang='lat' dir='ltr'>Oribasius</span> <span class='ocrx_word' id='word_1_85' title='bbox 447 467 577 517; x_wconf 80' lang='lat' dir='ltr'>scripsit.</span> <span class='ocrx_word' id='word_1_86' title='bbox 629 471 794 504; x_wconf 82' lang='lat' dir='ltr'>Praeterea</span> <span class='ocrx_word' id='word_1_87' title='bbox 812 467 882 504; x_wconf 85' lang='lat' dir='ltr'>satis</span> <span class='ocrx_word' id='word_1_88' title='bbox 907 467 1114 517; x_wconf 72' lang='lat' dir='ltr'>distinguitur</span> <span class='ocrx_word' id='word_1_89' title='bbox 1127 470 1174 504; x_wconf 35' lang='lat' dir='ltr'>*ab</span> <span class='ocrx_word' id='word_1_90' title='bbox 1195 481 1236 504; x_wconf 88' lang='lat' dir='ltr'>eo</span> <span class='ocrx_word' id='word_1_91' title='bbox 1258 467 1415 515; x_wconf 82' lang='lat' dir='ltr'>praeclari</span> <span class='ocrx_word' id='word_1_92' title='bbox 1438 468 1546 514; x_wconf 87' lang='lat' dir='ltr'>operis</span> <span class='ocrx_word' id='word_1_93' title='bbox 1566 463 1687 500; x_wconf 84' lang='lat' dir='ltr'>medici</span> <span class='ocrx_word' id='word_1_94' title='bbox 1707 476 1762 498; x_wconf 83' lang='lat' dir='ltr'>au·</span> 
     </span>
     <span class='ocr_line' id='line_1_11' title="bbox 16 514 1763 568; baseline -0.003 -13"><span class='ocrx_word' id='word_1_95' title='bbox 16 552 21 555; x_wconf 30' lang='lat'><em>⁴</em></span> <span class='ocrx_word' id='word_1_96' title='bbox 43 520 136 560; x_wconf 65' lang='lat' dir='ltr'>dor,</span> <span class='ocrx_word' id='word_1_97' title='bbox 163 518 255 568; x_wconf 88' lang='lat' dir='ltr'>quod</span> <span class='ocrx_word' id='word_1_98' title='bbox 271 519 353 555; x_wconf 86' lang='lat' dir='ltr'>illud</span> <span class='ocrx_word' id='word_1_99' title='bbox 372 530 520 554; x_wconf 80' lang='lat' dir='ltr'>veterum</span> <span class='ocrx_word' id='word_1_100' title='bbox 536 531 637 554; x_wconf 88' lang='lat' dir='ltr'>nemo</span> <span class='ocrx_word' id='word_1_101' title='bbox 651 520 761 554; x_wconf 79' lang='lat' dir='ltr'>tribuit</span> <span class='ocrx_word' id='word_1_102' title='bbox 775 520 939 554; x_wconf 83' lang='lat' dir='ltr'>haeretico</span> <span class='ocrx_word' id='word_1_103' title='bbox 951 545 962 560; x_wconf 82' lang='lat'>.,</span> <span class='ocrx_word' id='word_1_104' title='bbox 989 521 1041 554; x_wconf 86' lang='lat' dir='ltr'>vbi</span> <span class='ocrx_word' id='word_1_105' title='bbox 1059 519 1100 554; x_wconf 93' lang='lat' dir='ltr'>de</span> <span class='ocrx_word' id='word_1_106' title='bbox 1116 520 1174 555; x_wconf 90' lang='lat' dir='ltr'>illo</span> <span class='ocrx_word' id='word_1_107' title='bbox 1191 519 1298 555; x_wconf 88' lang='lat' dir='ltr'>sermo</span> <span class='ocrx_word' id='word_1_108' title='bbox 1316 518 1371 554; x_wconf 82' lang='lat' dir='ltr'>est.</span> <span class='ocrx_word' id='word_1_109' title='bbox 1425 521 1468 553; x_wconf 82' lang='lat' dir='ltr'>At</span> <span class='ocrx_word' id='word_1_110' title='bbox 1487 518 1543 551; x_wconf 88' lang='lat' dir='ltr'>hic</span> <span class='ocrx_word' id='word_1_111' title='bbox 1564 514 1704 562; x_wconf 81' lang='lat' dir='ltr'>scriptor</span> <span class='ocrx_word' id='word_1_112' title='bbox 1726 517 1763 550; x_wconf 85' lang='lat' dir='ltr'>in.</span> 
     </span>
     <span class='ocr_line' id='line_1_12' title="bbox 43 561 1765 619; baseline 0.001 -14"><span class='ocrx_word' id='word_1_113' title='bbox 43 571 238 619; x_wconf 81' lang='lat' dir='ltr'>quibusdam</span> <span class='ocrx_word' id='word_1_114' title='bbox 252 569 420 607; x_wconf 79' lang='lat' dir='ltr'>codicibus</span> <span class='ocrx_word' id='word_1_115' title='bbox 433 571 530 608; x_wconf 89' lang='lat' dir='ltr'>MSS.</span> <span class='ocrx_word' id='word_1_116' title='bbox 548 573 599 615; x_wconf 76' lang='lat'>¹³),</span> <span class='ocrx_word' id='word_1_117' title='bbox 625 572 790 607; x_wconf 83' lang='lat' dir='ltr'>Cornario</span> <span class='ocrx_word' id='word_1_118' title='bbox 805 580 836 606; x_wconf 88' lang='lat' dir='ltr'>et</span> <span class='ocrx_word' id='word_1_119' title='bbox 850 573 980 617; x_wconf 70' lang='lat' dir='ltr'>Car-‚gio</span> <span class='ocrx_word' id='word_1_120' title='bbox 997 570 1092 615; x_wconf 88' lang='lat' dir='ltr'>teste,</span> <span class='ocrx_word' id='word_1_121' title='bbox 1119 570 1234 607; x_wconf 77' lang='lat' dir='ltr'>diserte</span> <span class='ocrx_word' id='word_1_122' title='bbox 1252 580 1408 613; x_wconf 81' lang='lat' dir='ltr'>vocatur,</span> <span class='ocrx_word' id='word_1_123' title='bbox 1433 567 1562 607; x_wconf 78' lang='grc' dir='ltr'>’Λέτιος</span> <span class='ocrx_word' id='word_1_124' title='bbox 1583 561 1765 615; x_wconf 63' lang='grc' dir='ltr'>Ἀμιὸηνόΐ,</span> 
     </span>
    </p>
   </div>
   <div class='ocr_carea' id='block_1_8' title="bbox 41 742 876 1383">
    <p class='ocr_par' dir='ltr' id='par_1_8' title="bbox 41 742 876 1383">
     <span class='ocr_line' id='line_1_13' title="bbox 88 742 876 786; baseline 0.004 -12"><span class='ocrx_word' id='word_1_125' title='bbox 88 742 147 784; x_wconf 67' lang='lat' dir='ltr'>dd)</span> <span class='ocrx_word' id='word_1_126' title='bbox 166 743 382 786; x_wconf 83' lang='lat' dir='ltr'>Ampliffinium</span> <span class='ocrx_word' id='word_1_127' title='bbox 403 743 461 776; x_wconf 82' lang='lat' dir='ltr'>fuit</span> <span class='ocrx_word' id='word_1_128' title='bbox 482 747 568 782; x_wconf 67' lang='grc' dir='ltr'>Θίμκ</span> <span class='ocrx_word' id='word_1_129' title='bbox 591 744 682 782; x_wconf 50' lang='lat' dir='ltr'>&amp;mlx</span> <span class='ocrx_word' id='word_1_130' title='bbox 707 747 766 776; x_wconf 86' lang='lat' dir='ltr'>siue</span> <span class='ocrx_word' id='word_1_131' title='bbox 786 745 876 785; x_wconf 76' lang='lat' dir='ltr'>Asiae</span> 
     </span>
     <span class='ocr_line' id='line_1_14' title="bbox 41 784 874 831; baseline 0.002 -14"><span class='ocrx_word' id='word_1_132' title='bbox 41 787 235 827; x_wconf 77' lang='lat' dir='ltr'>prouinciae,</span> <span class='ocrx_word' id='word_1_133' title='bbox 259 789 306 816; x_wconf 89' lang='lat' dir='ltr'>cui</span> <span class='ocrx_word' id='word_1_134' title='bbox 320 787 459 828; x_wconf 84' lang='lat' dir='ltr'>praesidii</span> <span class='ocrx_word' id='word_1_135' title='bbox 473 788 543 819; x_wconf 90' lang='lat' dir='ltr'>loco</span> <span class='ocrx_word' id='word_1_136' title='bbox 564 789 780 831; x_wconf 75' lang='lat' dir='ltr'>imponebatur</span> <span class='ocrx_word' id='word_1_137' title='bbox 793 784 874 830; x_wconf 62' lang='lat' dir='ltr'>legio</span> 
     </span>
     <span class='ocr_line' id='line_1_15' title="bbox 44 828 873 874; baseline 0.002 -14"><span class='ocrx_word' id='word_1_138' title='bbox 44 828 192 871; x_wconf 81' lang='lat' dir='ltr'>obsequii,</span> <span class='ocrx_word' id='word_1_139' title='bbox 215 830 246 860; x_wconf 90' lang='lat' dir='ltr'>h.</span> <span class='ocrx_word' id='word_1_140' title='bbox 262 840 288 859; x_wconf 87' lang='lat' dir='ltr'>e.</span> <span class='ocrx_word' id='word_1_141' title='bbox 304 829 446 866; x_wconf 87' lang='lat' dir='ltr'>militnm,</span> <span class='ocrx_word' id='word_1_142' title='bbox 470 834 522 872; x_wconf 89' lang='lat' dir='ltr'>qui</span> <span class='ocrx_word' id='word_1_143' title='bbox 539 833 767 874; x_wconf 77' lang='lat' dir='ltr'>imperatorem,</span> <span class='ocrx_word' id='word_1_144' title='bbox 791 832 873 862; x_wconf 89' lang='lat' dir='ltr'>ordi-</span> 
     </span>
     <span class='ocr_line' id='line_1_16' title="bbox 46 872 873 915; baseline 0.002 -14"><span class='ocrx_word' id='word_1_145' title='bbox 46 873 92 902; x_wconf 81' lang='lat' dir='ltr'>nis</span> <span class='ocrx_word' id='word_1_146' title='bbox 106 872 211 902; x_wconf 87' lang='lat' dir='ltr'>tuendi</span> <span class='ocrx_word' id='word_1_147' title='bbox 227 880 258 902; x_wconf 88' lang='lat' dir='ltr'>et</span> <span class='ocrx_word' id='word_1_148' title='bbox 270 873 397 902; x_wconf 86' lang='lat' dir='ltr'>honoris</span> <span class='ocrx_word' id='word_1_149' title='bbox 413 873 522 910; x_wconf 81' lang='lat' dir='ltr'>caussa,</span> <span class='ocrx_word' id='word_1_150' title='bbox 538 876 705 915; x_wconf 79' lang='lat' dir='ltr'>praeibant.</span> <span class='ocrx_word' id='word_1_151' title='bbox 729 877 809 905; x_wconf 86' lang='lat' dir='ltr'>Huic</span> <span class='ocrx_word' id='word_1_152' title='bbox 818 878 873 904; x_wconf 83' lang='grc' dir='ltr'>Θε-</span> 
     </span>
     <span class='ocr_line' id='line_1_17' title="bbox 44 913 872 959; baseline 0.005 -16"><span class='ocrx_word' id='word_1_153' title='bbox 44 916 117 952; x_wconf 71' lang='grc' dir='ltr'>μάτι</span> <span class='ocrx_word' id='word_1_154' title='bbox 132 923 161 945; x_wconf 87' lang='lat' dir='ltr'>et</span> <span class='ocrx_word' id='word_1_155' title='bbox 180 914 295 953; x_wconf 87' lang='lat' dir='ltr'>legioni</span> <span class='ocrx_word' id='word_1_156' title='bbox 316 913 430 949; x_wconf 66' lang='grc' dir='ltr'>Ὀψικίε</span> <span class='ocrx_word' id='word_1_157' title='bbox 451 926 552 946; x_wconf 88' lang='lat' dir='ltr'>comes</span> <span class='ocrx_word' id='word_1_158' title='bbox 573 917 721 959; x_wconf 75' lang='lat' dir='ltr'>praefuit,</span> <span class='ocrx_word' id='word_1_159' title='bbox 751 916 787 946; x_wconf 88' lang='lat' dir='ltr'>de</span> <span class='ocrx_word' id='word_1_160' title='bbox 812 929 872 959; x_wconf 89' lang='lat' dir='ltr'>qno</span> 
     </span>
     <span class='ocr_line' id='line_1_18' title="bbox 44 957 875 1001; baseline 0.004 -15"><span class='ocrx_word' id='word_1_161' title='bbox 44 957 241 987; x_wconf 85' lang='lat' dir='ltr'>consulendus</span> <span class='ocrx_word' id='word_1_162' title='bbox 257 958 470 999; x_wconf 79' lang='lat' dir='ltr'>Constantinus</span> <span class='ocrx_word' id='word_1_163' title='bbox 484 960 774 1001; x_wconf 81' lang='lat' dir='ltr'>Porphyrogenitus</span> <span class='ocrx_word' id='word_1_164' title='bbox 795 959 875 989; x_wconf 82' lang='lat' dir='ltr'>libro</span> 
     </span>
     <span class='ocr_line' id='line_1_19' title="bbox 43 999 875 1042; baseline 0.001 -11"><span class='ocrx_word' id='word_1_165' title='bbox 43 1001 71 1031; x_wconf 89' lang='lat'>1.</span> <span class='ocrx_word' id='word_1_166' title='bbox 87 999 125 1029; x_wconf 89' lang='lat' dir='ltr'>de</span> <span class='ocrx_word' id='word_1_167' title='bbox 138 1001 318 1038; x_wconf 76' lang='lat' dir='ltr'>thematibus</span> <span class='ocrx_word' id='word_1_168' title='bbox 341 1011 408 1042; x_wconf 82' lang='lat' dir='ltr'>pag.</span> <span class='ocrx_word' id='word_1_169' title='bbox 424 1011 453 1037; x_wconf 91' lang='lat'>9.</span> <span class='ocrx_word' id='word_1_170' title='bbox 477 1004 528 1042; x_wconf 88' lang='lat' dir='ltr'>qui</span> <span class='ocrx_word' id='word_1_171' title='bbox 550 1002 655 1038; x_wconf 87' lang='lat' dir='ltr'>docet,</span> <span class='ocrx_word' id='word_1_172' title='bbox 679 1001 753 1032; x_wconf 84' lang='lat' dir='ltr'>illud</span> <span class='ocrx_word' id='word_1_173' title='bbox 769 1013 785 1032; x_wconf 89' lang='lat' dir='ltr'>a</span> <span class='ocrx_word' id='word_1_174' title='bbox 799 1004 875 1032; x_wconf 87' lang='lat' dir='ltr'>mari</span> 
     </span>
     <span class='ocr_line' id='line_1_20' title="bbox 45 1043 875 1085; baseline 0.002 -13"><span class='ocrx_word' id='word_1_175' title='bbox 45 1050 76 1072; x_wconf 77' lang='lat' dir='ltr'>et</span> <span class='ocrx_word' id='word_1_176' title='bbox 96 1043 158 1073; x_wconf 83' lang='lat' dir='ltr'>finu</span> <span class='ocrx_word' id='word_1_177' title='bbox 183 1044 327 1073; x_wconf 83' lang='lat' dir='ltr'>Astaceno</span> <span class='ocrx_word' id='word_1_178' title='bbox 351 1052 380 1073; x_wconf 87' lang='lat' dir='ltr'>et</span> <span class='ocrx_word' id='word_1_179' title='bbox 402 1055 418 1073; x_wconf 88' lang='lat' dir='ltr'>a</span> <span class='ocrx_word' id='word_1_180' title='bbox 440 1047 656 1085; x_wconf 85' lang='lat' dir='ltr'>promontorio</span> <span class='ocrx_word' id='word_1_181' title='bbox 680 1044 811 1075; x_wconf 85' lang='lat' dir='ltr'>Dascilio</span> <span class='ocrx_word' id='word_1_182' title='bbox 837 1043 875 1074; x_wconf 85' lang='lat' dir='ltr'>ad</span> 
     </span>
     <span class='ocr_line' id='line_1_21' title="bbox 45 1087 873 1128; baseline 0 -12"><span class='ocrx_word' id='word_1_183' title='bbox 45 1087 211 1116; x_wconf 78' lang='lat' dir='ltr'>Tritonem</span> <span class='ocrx_word' id='word_1_184' title='bbox 227 1096 320 1126; x_wconf 85' lang='lat' dir='ltr'>vsque</span> <span class='ocrx_word' id='word_1_185' title='bbox 335 1094 364 1116; x_wconf 88' lang='lat' dir='ltr'>et</span> <span class='ocrx_word' id='word_1_186' title='bbox 383 1097 502 1116; x_wconf 64' lang='lat' dir='ltr'>montes</span> <span class='ocrx_word' id='word_1_187' title='bbox 518 1088 671 1124; x_wconf 79' lang='lat' dir='ltr'>Sigrianae</span> <span class='ocrx_word' id='word_1_188' title='bbox 694 1096 782 1128; x_wconf 81' lang='lat' dir='ltr'>atque</span> <span class='ocrx_word' id='word_1_189' title='bbox 803 1090 873 1117; x_wconf 84' lang='lat' dir='ltr'>Pro-</span> 
     </span>
     <span class='ocr_line' id='line_1_22' title="bbox 43 1127 875 1169; baseline 0 -11"><span class='ocrx_word' id='word_1_190' title='bbox 43 1127 206 1158; x_wconf 85' lang='lat' dir='ltr'>connesum</span> <span class='ocrx_word' id='word_1_191' title='bbox 225 1127 261 1157; x_wconf 89' lang='lat' dir='ltr'>ad</span> <span class='ocrx_word' id='word_1_192' title='bbox 275 1127 367 1168; x_wconf 84' lang='lat' dir='ltr'>ipsam</span> <span class='ocrx_word' id='word_1_193' title='bbox 385 1139 505 1169; x_wconf 84' lang='lat' dir='ltr'>quoque</span> <span class='ocrx_word' id='word_1_194' title='bbox 521 1130 577 1163; x_wconf 70' lang='lat' dir='ltr'>Ab&gt;</span> <span class='ocrx_word' id='word_1_195' title='bbox 585 1129 667 1165; x_wconf 88' lang='lat' dir='ltr'>dum,</span> <span class='ocrx_word' id='word_1_196' title='bbox 690 1132 829 1163; x_wconf 76' lang='lat' dir='ltr'>Cyzicum</span> <span class='ocrx_word' id='word_1_197' title='bbox 845 1138 875 1158; x_wconf 88' lang='lat' dir='ltr'>et</span> 
     </span>
     <span class='ocr_line' id='line_1_23' title="bbox 42 1169 872 1211; baseline 0 -11"><span class='ocrx_word' id='word_1_198' title='bbox 42 1172 161 1201; x_wconf 85' lang='lat' dir='ltr'>Parium</span> <span class='ocrx_word' id='word_1_199' title='bbox 177 1169 206 1199; x_wconf 88' lang='lat' dir='ltr'>se</span> <span class='ocrx_word' id='word_1_200' title='bbox 221 1170 395 1211; x_wconf 76' lang='lat' dir='ltr'>porrexisse.</span> <span class='ocrx_word' id='word_1_201' title='bbox 440 1170 518 1201; x_wconf 89' lang='lat' dir='ltr'>Vide</span> <span class='ocrx_word' id='word_1_202' title='bbox 534 1180 563 1201; x_wconf 85' lang='lat' dir='ltr'>et</span> <span class='ocrx_word' id='word_1_203' title='bbox 577 1171 727 1211; x_wconf 75' lang='lat' dir='ltr'>Gangium</span> <span class='ocrx_word' id='word_1_204' title='bbox 747 1173 779 1200; x_wconf 92' lang='lat' dir='ltr'>in</span> <span class='ocrx_word' id='word_1_205' title='bbox 795 1170 872 1208; x_wconf 87' lang='lat' dir='ltr'>glos-</span> 
     </span>
     <span class='ocr_line' id='line_1_24' title="bbox 42 1211 872 1255; baseline 0.001 -14"><span class='ocrx_word' id='word_1_206' title='bbox 42 1212 120 1242; x_wconf 86' lang='lat' dir='ltr'>sario</span> <span class='ocrx_word' id='word_1_207' title='bbox 136 1220 282 1253; x_wconf 74' lang='lat' dir='ltr'>vti-oque,</span> <span class='ocrx_word' id='word_1_208' title='bbox 306 1213 487 1243; x_wconf 79' lang='lat' dir='ltr'>Vulcanium</span> <span class='ocrx_word' id='word_1_209' title='bbox 503 1211 540 1242; x_wconf 84' lang='lat' dir='ltr'>ad</span> <span class='ocrx_word' id='word_1_210' title='bbox 555 1215 781 1245; x_wconf 80' lang='lat' dir='ltr'>Constantinum</span> <span class='ocrx_word' id='word_1_211' title='bbox 804 1223 872 1255; x_wconf 86' lang='lat' dir='ltr'>pag.</span> 
     </span>
     <span class='ocr_line' id='line_1_25' title="bbox 44 1255 874 1297; baseline -0.001 -11"><span class='ocrx_word' id='word_1_212' title='bbox 44 1261 88 1291; x_wconf 74' lang='lat'>63.</span> <span class='ocrx_word' id='word_1_213' title='bbox 112 1255 265 1294; x_wconf 81' lang='lat' dir='ltr'>[Lambec.</span> <span class='ocrx_word' id='word_1_214' title='bbox 286 1266 396 1285; x_wconf 86' lang='lat' dir='ltr'>comm.</span> <span class='ocrx_word' id='word_1_215' title='bbox 411 1259 465 1287; x_wconf 93' lang='lat' dir='ltr'>V1.</span> <span class='ocrx_word' id='word_1_216' title='bbox 483 1266 551 1297; x_wconf 84' lang='lat' dir='ltr'>pag.</span> <span class='ocrx_word' id='word_1_217' title='bbox 569 1265 627 1294; x_wconf 73' lang='lat'>235.</span> <span class='ocrx_word' id='word_1_218' title='bbox 652 1265 716 1285; x_wconf 87' lang='lat' dir='ltr'>not.</span> <span class='ocrx_word' id='word_1_219' title='bbox 733 1257 777 1295; x_wconf 83' lang='lat'>2.]</span> <span class='ocrx_word' id='word_1_220' title='bbox 802 1257 874 1286; x_wconf 73' lang='lat' dir='ltr'>Acta</span> 
     </span>
     <span class='ocr_line' id='line_1_26' title="bbox 44 1297 874 1340; baseline 0 -11"><span class='ocrx_word' id='word_1_221' title='bbox 44 1299 176 1329; x_wconf 68' lang='lat' dir='ltr'>Sancidr.</span> <span class='ocrx_word' id='word_1_222' title='bbox 193 1306 265 1328; x_wconf 87' lang='lat' dir='ltr'>tom.</span> <span class='ocrx_word' id='word_1_223' title='bbox 283 1301 306 1328; x_wconf 90' lang='lat'>1.</span> <span class='ocrx_word' id='word_1_224' title='bbox 323 1300 401 1328; x_wconf 84' lang='lat' dir='ltr'>Iunii</span> <span class='ocrx_word' id='word_1_225' title='bbox 426 1309 494 1340; x_wconf 84' lang='lat' dir='ltr'>pag.</span> <span class='ocrx_word' id='word_1_226' title='bbox 512 1304 584 1338; x_wconf 86' lang='lat'>760.</span> <span class='ocrx_word' id='word_1_227' title='bbox 609 1307 640 1330; x_wconf 87' lang='lat' dir='ltr'>et</span> <span class='ocrx_word' id='word_1_228' title='bbox 658 1297 874 1339; x_wconf 64' lang='lat' dir='ltr'>lidontfauconi</span> 
     </span>
     <span class='ocr_line' id='line_1_27' title="bbox 43 1341 468 1383; baseline 0 -11"><span class='ocrx_word' id='word_1_229' title='bbox 43 1342 180 1372; x_wconf 85' lang='lat' dir='ltr'>Diarium</span> <span class='ocrx_word' id='word_1_230' title='bbox 196 1341 346 1377; x_wconf 84' lang='lat' dir='ltr'>Italicum,</span> <span class='ocrx_word' id='word_1_231' title='bbox 367 1353 398 1383; x_wconf 87' lang='lat' dir='ltr'>p.</span> <span class='ocrx_word' id='word_1_232' title='bbox 420 1347 468 1380; x_wconf 84' lang='lat'>78.</span> 
     </span>
    </p>
   </div>
   <div class='ocr_carea' id='block_1_9' title="bbox 916 619 1008 665">
    <p class='ocr_par' dir='ltr' id='par_1_9' title="bbox 916 619 1008 665">
     <span class='ocr_line' id='line_1_28' title="bbox 916 619 1008 665; baseline -0.022 -6"><span class='ocrx_word' id='word_1_233' title='bbox 916 619 1008 665; x_wconf 78' lang='lat' dir='ltr'>Ff3</span> 
     </span>
    </p>
   </div>
   <div class='ocr_carea' id='block_1_10' title="bbox 1652 613 1765 666">
    <p class='ocr_par' dir='ltr' id='par_1_10' title="bbox 1652 613 1765 666">
     <span class='ocr_line' id='line_1_29' title="bbox 1652 613 1765 666; baseline -0.009 -10"><span class='ocrx_word' id='word_1_234' title='bbox 1652 613 1765 666; x_wconf 73' lang='grc' dir='ltr'>Κὸμης</span> 
     </span>
    </p>
   </div>
   <div class='ocr_carea' id='block_1_11' title="bbox 923 741 1796 1384">
    <p class='ocr_par' dir='ltr' id='par_1_11' title="bbox 923 741 1796 1384">
     <span class='ocr_line' id='line_1_30' title="bbox 927 741 1762 789; baseline -0.008 -12"><span class='ocrx_word' id='word_1_235' title='bbox 927 747 1054 785; x_wconf 85' lang='lat' dir='ltr'>legentis</span> <span class='ocrx_word' id='word_1_236' title='bbox 1070 755 1166 777; x_wconf 82' lang='lat' dir='ltr'>comes</span> <span class='ocrx_word' id='word_1_237' title='bbox 1180 746 1316 789; x_wconf 63' lang='lat' dir='ltr'>opificii,</span> <span class='ocrx_word' id='word_1_238' title='bbox 1338 751 1368 775; x_wconf 85' lang='lat' dir='ltr'>et</span> <span class='ocrx_word' id='word_1_239' title='bbox 1391 743 1483 775; x_wconf 79' lang='lat' dir='ltr'>libris</span> <span class='ocrx_word' id='word_1_240' title='bbox 1494 741 1706 784; x_wconf 73' lang='lat' dir='ltr'>fiptemdaecim</span> <span class='ocrx_word' id='word_1_241' title='bbox 1728 741 1762 770; x_wconf 87' lang='lat' dir='ltr'>in</span> 
     </span>
     <span class='ocr_line' id='line_1_31' title="bbox 927 784 1796 828; baseline -0.007 -9"><span class='ocrx_word' id='word_1_242' title='bbox 927 798 991 819; x_wconf 87' lang='lat' dir='ltr'>not.</span> <span class='ocrx_word' id='word_1_243' title='bbox 1016 801 1046 826; x_wconf 89' lang='lat'>4.</span> <span class='ocrx_word' id='word_1_244' title='bbox 1079 790 1237 825; x_wconf 76' lang='lat' dir='ltr'>obferuat,</span> <span class='ocrx_word' id='word_1_245' title='bbox 1266 799 1300 819; x_wconf 85' lang='lat' dir='ltr'>ex</span> <span class='ocrx_word' id='word_1_246' title='bbox 1326 790 1381 818; x_wconf 83' lang='lat' dir='ltr'>hae</span> <span class='ocrx_word' id='word_1_247' title='bbox 1401 786 1600 827; x_wconf 81' lang='lat' dir='ltr'>inscriptione</span> <span class='ocrx_word' id='word_1_248' title='bbox 1630 784 1762 824; x_wconf 82' lang='lat' dir='ltr'>aliisque</span> <span class='ocrx_word' id='word_1_249' title='bbox 1791 823 1796 828; x_wconf 34' lang='grc' dir='ltr'>ι</span> 
     </span>
     <span class='ocr_line' id='line_1_32' title="bbox 925 826 1760 872; baseline -0.01 -9"><span class='ocrx_word' id='word_1_250' title='bbox 925 834 1005 863; x_wconf 84' lang='lat' dir='ltr'>Aetii</span> <span class='ocrx_word' id='word_1_251' title='bbox 1020 832 1094 862; x_wconf 86' lang='lat' dir='ltr'>locis</span> <span class='ocrx_word' id='word_1_252' title='bbox 1115 831 1270 862; x_wconf 86' lang='lat' dir='ltr'>manifeste</span> <span class='ocrx_word' id='word_1_253' title='bbox 1289 830 1452 872; x_wconf 82' lang='lat' dir='ltr'>adparere,</span> <span class='ocrx_word' id='word_1_254' title='bbox 1476 830 1594 859; x_wconf 81' lang='lat' dir='ltr'>Aetium</span> <span class='ocrx_word' id='word_1_255' title='bbox 1615 826 1760 858; x_wconf 86' lang='lat' dir='ltr'>Oribasio</span> 
     </span>
     <span class='ocr_line' id='line_1_33' title="bbox 924 866 1760 916; baseline -0.01 -11"><span class='ocrx_word' id='word_1_256' title='bbox 924 875 982 905; x_wconf 83' lang='lat' dir='ltr'>ess&#39;e</span> <span class='ocrx_word' id='word_1_257' title='bbox 1012 874 1167 916; x_wconf 87' lang='lat' dir='ltr'>aliquanto</span> <span class='ocrx_word' id='word_1_258' title='bbox 1199 876 1363 904; x_wconf 87' lang='lat' dir='ltr'>iuniorem.</span> <span class='ocrx_word' id='word_1_259' title='bbox 1408 888 1451 896; x_wconf 84' lang='lat'>-—·</span> <span class='ocrx_word' id='word_1_260' title='bbox 1515 870 1594 901; x_wconf 87' lang='lat' dir='ltr'>Ibid.</span> <span class='ocrx_word' id='word_1_261' title='bbox 1622 871 1655 898; x_wconf 87' lang='lat' dir='ltr'>in</span> <span class='ocrx_word' id='word_1_262' title='bbox 1689 866 1760 898; x_wconf 87' lang='lat' dir='ltr'>cod.</span> 
     </span>
     <span class='ocr_line' id='line_1_34' title="bbox 927 910 1760 957; baseline -0.011 -9"><span class='ocrx_word' id='word_1_263' title='bbox 927 921 1038 949; x_wconf 85' lang='lat' dir='ltr'>XVIII.</span> <span class='ocrx_word' id='word_1_264' title='bbox 1065 919 1224 947; x_wconf 84' lang='lat' dir='ltr'>chartaceo</span> <span class='ocrx_word' id='word_1_265' title='bbox 1254 918 1379 957; x_wconf 83' lang='lat' dir='ltr'>antiquo</span> <span class='ocrx_word' id='word_1_266' title='bbox 1409 915 1603 944; x_wconf 87' lang='lat' dir='ltr'>continentur</span> <span class='ocrx_word' id='word_1_267' title='bbox 1626 910 1760 941; x_wconf 81' lang='lat' dir='ltr'>eiusdem</span> 
     </span>
     <span class='ocr_line' id='line_1_35' title="bbox 927 956 1758 1001; baseline -0.008 -11"><span class='ocrx_word' id='word_1_268' title='bbox 927 962 1028 1001; x_wconf 90' lang='lat' dir='ltr'>operis</span> <span class='ocrx_word' id='word_1_269' title='bbox 1052 959 1125 989; x_wconf 87' lang='lat' dir='ltr'>libri</span> <span class='ocrx_word' id='word_1_270' title='bbox 1146 962 1197 990; x_wconf 90' lang='lat' dir='ltr'>IX.</span> <span class='ocrx_word' id='word_1_271' title='bbox 1223 960 1337 999; x_wconf 82' lang='lat' dir='ltr'>(initio</span> <span class='ocrx_word' id='word_1_272' title='bbox 1363 956 1521 996; x_wconf 76' lang='lat' dir='ltr'>mutilus,)</span> <span class='ocrx_word' id='word_1_273' title='bbox 1550 958 1586 986; x_wconf 88' lang='lat' dir='ltr'>X.</span> <span class='ocrx_word' id='word_1_274' title='bbox 1611 957 1663 985; x_wconf 93' lang='lat' dir='ltr'>XI.</span> <span class='ocrx_word' id='word_1_275' title='bbox 1690 956 1758 984; x_wconf 77' lang='lat' dir='ltr'>xii.</span> 
     </span>
     <span class='ocr_line' id='line_1_36' title="bbox 927 994 1758 1043; baseline -0.007 -10"><span class='ocrx_word' id='word_1_276' title='bbox 927 1006 1010 1034; x_wconf 88' lang='lat' dir='ltr'>XIII.</span> <span class='ocrx_word' id='word_1_277' title='bbox 1029 1005 1108 1034; x_wconf 92' lang='lat' dir='ltr'>XIV.</span> <span class='ocrx_word' id='word_1_278' title='bbox 1125 1010 1172 1038; x_wconf 87' lang='lat' dir='ltr'>et,</span> <span class='ocrx_word' id='word_1_279' title='bbox 1201 1002 1271 1043; x_wconf 90' lang='lat' dir='ltr'>(qui</span> <span class='ocrx_word' id='word_1_280' title='bbox 1291 1003 1350 1031; x_wconf 83' lang='lat' dir='ltr'>fine</span> <span class='ocrx_word' id='word_1_281' title='bbox 1373 999 1483 1038; x_wconf 84' lang='lat' dir='ltr'>caret‚)</span> <span class='ocrx_word' id='word_1_282' title='bbox 1506 1000 1571 1030; x_wconf 88' lang='lat' dir='ltr'>XV.</span> <span class='ocrx_word' id='word_1_283' title='bbox 1600 994 1758 1037; x_wconf 81' lang='lat' dir='ltr'>(Lambec.</span> 
     </span>
     <span class='ocr_line' id='line_1_37' title="bbox 927 1039 1757 1086; baseline -0.007 -12"><span class='ocrx_word' id='word_1_284' title='bbox 927 1044 948 1075; x_wconf 92' lang='lat' dir='ltr'>l.</span> <span class='ocrx_word' id='word_1_285' title='bbox 967 1056 993 1074; x_wconf 92' lang='lat' dir='ltr'>c.</span> <span class='ocrx_word' id='word_1_286' title='bbox 1019 1055 1087 1086; x_wconf 79' lang='lat' dir='ltr'>pag.</span> <span class='ocrx_word' id='word_1_287' title='bbox 1110 1049 1175 1080; x_wconf 80' lang='lat'>236.</span> <span class='ocrx_word' id='word_1_288' title='bbox 1200 1044 1259 1085; x_wconf 85' lang='lat' dir='ltr'>sq.)</span> <span class='ocrx_word' id='word_1_289' title='bbox 1290 1059 1330 1067; x_wconf 89' lang='lat'>—</span> <span class='ocrx_word' id='word_1_290' title='bbox 1384 1041 1462 1072; x_wconf 91' lang='lat' dir='ltr'>Ibid.</span> <span class='ocrx_word' id='word_1_291' title='bbox 1484 1042 1517 1070; x_wconf 86' lang='lat' dir='ltr'>in</span> <span class='ocrx_word' id='word_1_292' title='bbox 1541 1039 1609 1070; x_wconf 89' lang='lat' dir='ltr'>cod.</span> <span class='ocrx_word' id='word_1_293' title='bbox 1632 1040 1757 1070; x_wconf 80' lang='lat' dir='ltr'>XXVII.</span> 
     </span>
     <span class='ocr_line' id='line_1_38' title="bbox 927 1080 1756 1127; baseline -0.007 -11"><span class='ocrx_word' id='word_1_294' title='bbox 927 1098 972 1116; x_wconf 88' lang='lat' dir='ltr'>nr.</span> <span class='ocrx_word' id='word_1_295' title='bbox 988 1095 1012 1123; x_wconf 83' lang='lat'>5.</span> <span class='ocrx_word' id='word_1_296' title='bbox 1034 1087 1098 1116; x_wconf 77' lang='lat' dir='ltr'>sum</span> <span class='ocrx_word' id='word_1_297' title='bbox 1112 1085 1299 1127; x_wconf 74' lang='lat' dir='ltr'>miscellanea</span> <span class='ocrx_word' id='word_1_298' title='bbox 1313 1086 1449 1121; x_wconf 77' lang='lat' dir='ltr'>medica,</span> <span class='ocrx_word' id='word_1_299' title='bbox 1472 1091 1501 1113; x_wconf 87' lang='lat' dir='ltr'>et</span> <span class='ocrx_word' id='word_1_300' title='bbox 1516 1080 1679 1116; x_wconf 73' lang='lat' dir='ltr'>interula,</span> <span class='ocrx_word' id='word_1_301' title='bbox 1703 1089 1756 1111; x_wconf 83' lang='lat' dir='ltr'>ex-</span> 
     </span>
     <span class='ocr_line' id='line_1_39' title="bbox 925 1122 1760 1168; baseline -0.007 -9"><span class='ocrx_word' id='word_1_302' title='bbox 925 1136 1030 1168; x_wconf 70' lang='lat' dir='ltr'>carpta</span> <span class='ocrx_word' id='word_1_303' title='bbox 1045 1139 1085 1158; x_wconf 70' lang='lat' dir='ltr'>rx</span> <span class='ocrx_word' id='word_1_304' title='bbox 1096 1128 1182 1159; x_wconf 56' lang='lat' dir='ltr'>Atii</span> <span class='ocrx_word' id='word_1_305' title='bbox 1197 1128 1276 1160; x_wconf 81' lang='lat' dir='ltr'>libro</span> <span class='ocrx_word' id='word_1_306' title='bbox 1291 1129 1335 1158; x_wconf 89' lang='lat' dir='ltr'>II-</span> <span class='ocrx_word' id='word_1_307' title='bbox 1358 1128 1394 1158; x_wconf 71' lang='lat' dir='ltr'>de</span> <span class='ocrx_word' id='word_1_308' title='bbox 1399 1125 1559 1168; x_wconf 71' lang='lat' dir='ltr'>speciebus</span> <span class='ocrx_word' id='word_1_309' title='bbox 1579 1129 1700 1159; x_wconf 80' lang='lat' dir='ltr'>terrae,</span> <span class='ocrx_word' id='word_1_310' title='bbox 1721 1122 1760 1154; x_wconf 79' lang='lat' dir='ltr'>de</span> 
     </span>
     <span class='ocr_line' id='line_1_40' title="bbox 923 1166 1756 1209; baseline -0.008 -8"><span class='ocrx_word' id='word_1_311' title='bbox 923 1171 1084 1202; x_wconf 80' lang='lat' dir='ltr'>metallicis</span> <span class='ocrx_word' id='word_1_312' title='bbox 1100 1176 1128 1201; x_wconf 75' lang='lat' dir='ltr'>et</span> <span class='ocrx_word' id='word_1_313' title='bbox 1140 1171 1177 1201; x_wconf 82' lang='lat' dir='ltr'>de</span> <span class='ocrx_word' id='word_1_314' title='bbox 1190 1169 1386 1201; x_wconf 82' lang='lat' dir='ltr'>animalibus.</span> <span class='ocrx_word' id='word_1_315' title='bbox 1431 1167 1583 1209; x_wconf 72' lang='lat' dir='ltr'>(Lambcc.</span> <span class='ocrx_word' id='word_1_316' title='bbox 1601 1166 1622 1197; x_wconf 91' lang='lat' dir='ltr'>l.</span> <span class='ocrx_word' id='word_1_317' title='bbox 1639 1177 1666 1197; x_wconf 96' lang='lat' dir='ltr'>c.</span> <span class='ocrx_word' id='word_1_318' title='bbox 1687 1175 1756 1207; x_wconf 83' lang='lat' dir='ltr'>pag.</span> 
     </span>
     <span class='ocr_line' id='line_1_41' title="bbox 925 1208 1757 1253; baseline -0.011 -8"><span class='ocrx_word' id='word_1_319' title='bbox 925 1215 1012 1253; x_wconf 84' lang='lat'>277.)</span> <span class='ocrx_word' id='word_1_320' title='bbox 1036 1231 1073 1238; x_wconf 92' lang='lat'>—</span> <span class='ocrx_word' id='word_1_321' title='bbox 1123 1217 1157 1244; x_wconf 91' lang='lat' dir='ltr'>In</span> <span class='ocrx_word' id='word_1_322' title='bbox 1175 1212 1243 1243; x_wconf 91' lang='lat' dir='ltr'>cod.</span> <span class='ocrx_word' id='word_1_323' title='bbox 1261 1214 1355 1243; x_wconf 85' lang='lat' dir='ltr'>L1.in</span> <span class='ocrx_word' id='word_1_324' title='bbox 1371 1210 1431 1241; x_wconf 89' lang='lat' dir='ltr'>duo</span> <span class='ocrx_word' id='word_1_325' title='bbox 1455 1209 1529 1240; x_wconf 86' lang='lat' dir='ltr'>voll.</span> <span class='ocrx_word' id='word_1_326' title='bbox 1552 1208 1669 1244; x_wconf 88' lang='lat' dir='ltr'>diuiso,</span> <span class='ocrx_word' id='word_1_327' title='bbox 1691 1208 1757 1237; x_wconf 86' lang='lat' dir='ltr'>sunt</span> 
     </span>
     <span class='ocr_line' id='line_1_42' title="bbox 926 1249 1755 1287; baseline -0.01 -1"><span class='ocrx_word' id='word_1_328' title='bbox 926 1258 1006 1287; x_wconf 82' lang='lat' dir='ltr'>A&#39;e&#39;tii</span> <span class='ocrx_word' id='word_1_329' title='bbox 1023 1259 1193 1286; x_wconf 79' lang='lat' dir='ltr'>contractae</span> <span class='ocrx_word' id='word_1_330' title='bbox 1215 1255 1383 1286; x_wconf 87' lang='lat' dir='ltr'>medicinae</span> <span class='ocrx_word' id='word_1_331' title='bbox 1407 1254 1556 1284; x_wconf 88' lang='lat' dir='ltr'>librorum</span> <span class='ocrx_word' id='word_1_332' title='bbox 1578 1254 1658 1282; x_wconf 88' lang='lat' dir='ltr'>XVI.</span> <span class='ocrx_word' id='word_1_333' title='bbox 1682 1249 1755 1279; x_wconf 89' lang='lat' dir='ltr'>libri</span> 
     </span>
     <span class='ocr_line' id='line_1_43' title="bbox 926 1294 1758 1342; baseline -0.01 -13"><span class='ocrx_word' id='word_1_334' title='bbox 926 1301 1106 1342; x_wconf 86' lang='lat' dir='ltr'>posteriores</span> <span class='ocrx_word' id='word_1_335' title='bbox 1132 1310 1261 1335; x_wconf 88' lang='lat' dir='ltr'>nouem,</span> <span class='ocrx_word' id='word_1_336' title='bbox 1299 1300 1358 1329; x_wconf 78' lang='lat' dir='ltr'>sine</span> <span class='ocrx_word' id='word_1_337' title='bbox 1373 1296 1432 1327; x_wconf 92' lang='lat' dir='ltr'>vlla</span> <span class='ocrx_word' id='word_1_338' title='bbox 1459 1295 1614 1325; x_wconf 83' lang='lat' dir='ltr'>communi</span> <span class='ocrx_word' id='word_1_339' title='bbox 1640 1294 1758 1335; x_wconf 84' lang='lat' dir='ltr'>epigra-</span> 
     </span>
     <span class='ocr_line' id='line_1_44' title="bbox 927 1337 1755 1384; baseline -0.011 -12"><span class='ocrx_word' id='word_1_340' title='bbox 927 1343 1004 1384; x_wconf 86' lang='lat' dir='ltr'>phe:</span> <span class='ocrx_word' id='word_1_341' title='bbox 1049 1341 1305 1383; x_wconf 61' lang='lat' dir='ltr'>prius‘volumen</span> <span class='ocrx_word' id='word_1_342' title='bbox 1333 1342 1468 1370; x_wconf 88' lang='lat' dir='ltr'>continet</span> <span class='ocrx_word' id='word_1_343' title='bbox 1497 1337 1592 1367; x_wconf 85' lang='lat' dir='ltr'>libros</span> <span class='ocrx_word' id='word_1_344' title='bbox 1621 1337 1755 1373; x_wconf 79' lang='lat' dir='ltr'>integros</span> 
     </span>
    </p>
   </div>
   <div class='ocr_carea' id='block_1_12' title="bbox 872 1378 1758 1426">
    <p class='ocr_par' dir='ltr' id='par_1_12' title="bbox 872 1378 1758 1426">
     <span class='ocr_line' id='line_1_45' title="bbox 872 1378 1758 1426; baseline -0.01 -11"><span class='ocrx_word' id='word_1_345' title='bbox 872 1409 877 1412; x_wconf 87' lang='lat'>.</span> <span class='ocrx_word' id='word_1_346' title='bbox 928 1386 1080 1426; x_wconf 86' lang='lat' dir='ltr'>quinque,</span> <span class='ocrx_word' id='word_1_347' title='bbox 1103 1396 1131 1414; x_wconf 87' lang='lat' dir='ltr'>n.</span> <span class='ocrx_word' id='word_1_348' title='bbox 1147 1388 1289 1420; x_wconf 78' lang='lat' dir='ltr'>vinum,</span> <span class='ocrx_word' id='word_1_349' title='bbox 1312 1387 1362 1415; x_wconf 90' lang='lat' dir='ltr'>IX.</span> <span class='ocrx_word' id='word_1_350' title='bbox 1385 1385 1420 1414; x_wconf 87' lang='grc' dir='ltr'>Χ.</span> <span class='ocrx_word' id='word_1_351' title='bbox 1440 1385 1489 1413; x_wconf 87' lang='grc' dir='ltr'>ΧΙ.</span> <span class='ocrx_word' id='word_1_352' title='bbox 1509 1383 1573 1411; x_wconf 88' lang='lat' dir='ltr'>XII.</span> <span class='ocrx_word' id='word_1_353' title='bbox 1593 1386 1623 1408; x_wconf 81' lang='lat' dir='ltr'>et</span> <span class='ocrx_word' id='word_1_354' title='bbox 1645 1378 1758 1408; x_wconf 83' lang='lat' dir='ltr'>decimi</span> 
     </span>
    </p>
   </div>
   <div class='ocr_carea' id='block_1_13' title="bbox 33 1423 876 2367">
    <p class='ocr_par' dir='ltr' id='par_1_13' title="bbox 33 1423 876 2367">
     <span class='ocr_line' id='line_1_46' title="bbox 87 1423 873 1468; baseline -0.003 -9"><span class='ocrx_word' id='word_1_355' title='bbox 87 1426 133 1468; x_wconf 75' lang='lat' dir='ltr'>ee)</span> <span class='ocrx_word' id='word_1_356' title='bbox 156 1428 202 1456; x_wconf 85' lang='lat' dir='ltr'>Sic</span> <span class='ocrx_word' id='word_1_357' title='bbox 224 1423 317 1462; x_wconf 75' lang='grc' dir='ltr'>Κᾶμης</span> <span class='ocrx_word' id='word_1_358' title='bbox 339 1425 453 1462; x_wconf 69' lang='grc' dir='ltr'>Ὀφικίκ</span> <span class='ocrx_word' id='word_1_359' title='bbox 477 1426 589 1458; x_wconf 85' lang='lat' dir='ltr'>dicitur</span> <span class='ocrx_word' id='word_1_360' title='bbox 610 1429 643 1458; x_wconf 88' lang='lat' dir='ltr'>in</span> <span class='ocrx_word' id='word_1_361' title='bbox 665 1429 761 1459; x_wconf 82' lang='lat' dir='ltr'>tribus</span> <span class='ocrx_word' id='word_1_362' title='bbox 784 1427 873 1459; x_wconf 89' lang='lat' dir='ltr'>codd.</span> 
     </span>
     <span class='ocr_line' id='line_1_47' title="bbox 45 1467 875 1513; baseline 0 -13"><span class='ocrx_word' id='word_1_363' title='bbox 45 1469 120 1500; x_wconf 85' lang='lat' dir='ltr'>bibl.</span> <span class='ocrx_word' id='word_1_364' title='bbox 137 1467 219 1510; x_wconf 83' lang='lat' dir='ltr'>publ.</span> <span class='ocrx_word' id='word_1_365' title='bbox 235 1471 326 1499; x_wconf 78' lang='lat' dir='ltr'>Paris.</span> <span class='ocrx_word' id='word_1_366' title='bbox 357 1481 488 1511; x_wconf 89' lang='lat' dir='ltr'>quorum</span> <span class='ocrx_word' id='word_1_367' title='bbox 505 1470 628 1500; x_wconf 64' lang='lat' dir='ltr'>lec‘kion.</span> <span class='ocrx_word' id='word_1_368' title='bbox 642 1482 722 1502; x_wconf 85' lang='lat' dir='ltr'>varr.</span> <span class='ocrx_word' id='word_1_369' title='bbox 739 1470 875 1513; x_wconf 83' lang='lat' dir='ltr'>exempla</span> 
     </span>
     <span class='ocr_line' id='line_1_48' title="bbox 45 1511 876 1555; baseline 0.001 -13"><span class='ocrx_word' id='word_1_370' title='bbox 45 1512 175 1555; x_wconf 80' lang='lat' dir='ltr'>possedit</span> <span class='ocrx_word' id='word_1_371' title='bbox 184 1512 212 1543; x_wconf 92' lang='lat' dir='ltr'>I.</span> <span class='ocrx_word' id='word_1_372' title='bbox 222 1511 294 1544; x_wconf 74' lang='lat' dir='ltr'>GG.</span> <span class='ocrx_word' id='word_1_373' title='bbox 303 1511 424 1554; x_wconf 74' lang='lat' dir='ltr'>Ernesti</span> <span class='ocrx_word' id='word_1_374' title='bbox 432 1535 440 1549; x_wconf 90' lang='lat'><em>,</em></span> <span class='ocrx_word' id='word_1_375' title='bbox 463 1513 543 1554; x_wconf 86' lang='lat' dir='ltr'>prof.</span> <span class='ocrx_word' id='word_1_376' title='bbox 552 1513 630 1555; x_wconf 87' lang='lat' dir='ltr'>Lips.</span> <span class='ocrx_word' id='word_1_377' title='bbox 648 1516 718 1544; x_wconf 88' lang='lat' dir='ltr'>teste</span> <span class='ocrx_word' id='word_1_378' title='bbox 727 1513 876 1555; x_wconf 75' lang='lat' dir='ltr'>Weigelio</span> 
     </span>
     <span class='ocr_line' id='line_1_49' title="bbox 43 1554 871 1597; baseline 0 -11"><span class='ocrx_word' id='word_1_379' title='bbox 43 1558 76 1586; x_wconf 85' lang='lat' dir='ltr'>in</span> <span class='ocrx_word' id='word_1_380' title='bbox 94 1554 168 1597; x_wconf 85' lang='lat' dir='ltr'>disp.</span> <span class='ocrx_word' id='word_1_381' title='bbox 184 1566 254 1585; x_wconf 87' lang='lat' dir='ltr'>mox</span> <span class='ocrx_word' id='word_1_382' title='bbox 269 1555 463 1586; x_wconf 66' lang='lat' dir='ltr'>memoranda</span> <span class='ocrx_word' id='word_1_383' title='bbox 480 1567 546 1597; x_wconf 78' lang='lat' dir='ltr'>pag.</span> <span class='ocrx_word' id='word_1_384' title='bbox 565 1562 589 1589; x_wconf 89' lang='lat'>8.</span> <span class='ocrx_word' id='word_1_385' title='bbox 606 1563 635 1585; x_wconf 82' lang='lat' dir='ltr'>et</span> <span class='ocrx_word' id='word_1_386' title='bbox 651 1559 681 1586; x_wconf 90' lang='lat' dir='ltr'>in</span> <span class='ocrx_word' id='word_1_387' title='bbox 697 1557 764 1586; x_wconf 85' lang='lat' dir='ltr'>aliis</span> <span class='ocrx_word' id='word_1_388' title='bbox 780 1555 871 1587; x_wconf 87' lang='lat' dir='ltr'>codd.</span> 
     </span>
     <span class='ocr_line' id='line_1_50' title="bbox 44 1597 873 1639; baseline 0.001 -10"><span class='ocrx_word' id='word_1_389' title='bbox 44 1602 142 1639; x_wconf 77' lang='lat' dir='ltr'>Atque</span> <span class='ocrx_word' id='word_1_390' title='bbox 162 1597 334 1629; x_wconf 77' lang='lat' dir='ltr'>Amidenus</span> <span class='ocrx_word' id='word_1_391' title='bbox 353 1608 479 1628; x_wconf 86' lang='lat' dir='ltr'>vocatur</span> <span class='ocrx_word' id='word_1_392' title='bbox 499 1601 530 1629; x_wconf 91' lang='lat' dir='ltr'>in</span> <span class='ocrx_word' id='word_1_393' title='bbox 556 1598 624 1628; x_wconf 89' lang='lat' dir='ltr'>cod.</span> <span class='ocrx_word' id='word_1_394' title='bbox 649 1599 723 1629; x_wconf 86' lang='lat' dir='ltr'>caes.</span> <span class='ocrx_word' id='word_1_395' title='bbox 758 1600 873 1631; x_wconf 80' lang='lat' dir='ltr'>Vindo-</span> 
     </span>
     <span class='ocr_line' id='line_1_51' title="bbox 44 1640 872 1683; baseline -0.002 -10"><span class='ocrx_word' id='word_1_396' title='bbox 44 1641 113 1674; x_wconf 71' lang='lat' dir='ltr'>bon.</span> <span class='ocrx_word' id='word_1_397' title='bbox 129 1640 320 1671; x_wconf 82' lang='lat' dir='ltr'>memorabili</span> <span class='ocrx_word' id='word_1_398' title='bbox 337 1649 366 1670; x_wconf 87' lang='lat' dir='ltr'>et</span> <span class='ocrx_word' id='word_1_399' title='bbox 381 1643 551 1682; x_wconf 75' lang='lat' dir='ltr'>peruetusto</span> <span class='ocrx_word' id='word_1_400' title='bbox 567 1644 661 1672; x_wconf 86' lang='lat' dir='ltr'>XVII.</span> <span class='ocrx_word' id='word_1_401' title='bbox 678 1644 782 1683; x_wconf 88' lang='lat' dir='ltr'>inquo</span> <span class='ocrx_word' id='word_1_402' title='bbox 801 1654 872 1673; x_wconf 86' lang='lat' dir='ltr'>con-</span> 
     </span>
     <span class='ocr_line' id='line_1_52' title="bbox 45 1682 872 1724; baseline -0.001 -9"><span class='ocrx_word' id='word_1_403' title='bbox 45 1686 158 1715; x_wconf 78' lang='lat' dir='ltr'>tinetur</span> <span class='ocrx_word' id='word_1_404' title='bbox 173 1686 253 1714; x_wconf 81' lang='lat' dir='ltr'>Aetii</span> <span class='ocrx_word' id='word_1_405' title='bbox 282 1682 484 1724; x_wconf 72' lang='grc' dir='ltr'>τιτροὶβιβλος,</span> <span class='ocrx_word' id='word_1_406' title='bbox 517 1686 576 1714; x_wconf 83' lang='lat' dir='ltr'>fine</span> <span class='ocrx_word' id='word_1_407' title='bbox 598 1685 750 1723; x_wconf 80' lang='lat' dir='ltr'>syntagma</span> <span class='ocrx_word' id='word_1_408' title='bbox 772 1685 872 1724; x_wconf 85' lang='lat' dir='ltr'>(inte-</span> 
     </span>
     <span class='ocr_line' id='line_1_53' title="bbox 44 1726 871 1768; baseline -0.001 -11"><span class='ocrx_word' id='word_1_409' title='bbox 44 1728 147 1768; x_wconf 85' lang='lat' dir='ltr'>grum)</span> <span class='ocrx_word' id='word_1_410' title='bbox 170 1726 338 1765; x_wconf 81' lang='lat' dir='ltr'>medicinae</span> <span class='ocrx_word' id='word_1_411' title='bbox 353 1737 387 1756; x_wconf 90' lang='lat' dir='ltr'>ex</span> <span class='ocrx_word' id='word_1_412' title='bbox 403 1727 553 1757; x_wconf 85' lang='lat' dir='ltr'>veteribus</span> <span class='ocrx_word' id='word_1_413' title='bbox 574 1729 761 1764; x_wconf 64' lang='lat' dir='ltr'>conti-aciae,</span> <span class='ocrx_word' id='word_1_414' title='bbox 793 1727 871 1757; x_wconf 87' lang='lat' dir='ltr'>diui-</span> 
     </span>
     <span class='ocr_line' id='line_1_54' title="bbox 45 1769 872 1811; baseline -0.001 -11"><span class='ocrx_word' id='word_1_415' title='bbox 45 1771 108 1803; x_wconf 86' lang='lat' dir='ltr'>sum</span> <span class='ocrx_word' id='word_1_416' title='bbox 124 1773 156 1800; x_wconf 90' lang='lat' dir='ltr'>in</span> <span class='ocrx_word' id='word_1_417' title='bbox 172 1778 303 1811; x_wconf 85' lang='lat' dir='ltr'>quatuor</span> <span class='ocrx_word' id='word_1_418' title='bbox 320 1771 479 1811; x_wconf 82' lang='lat' dir='ltr'>primarias</span> <span class='ocrx_word' id='word_1_419' title='bbox 500 1778 616 1810; x_wconf 55' lang='lat' dir='ltr'>pamm,</span> <span class='ocrx_word' id='word_1_420' title='bbox 648 1769 696 1800; x_wconf 90' lang='lat' dir='ltr'>seu</span> <span class='ocrx_word' id='word_1_421' title='bbox 717 1770 872 1806; x_wconf 70' lang='lat' dir='ltr'>sefflones,</span> 
     </span>
     <span class='ocr_line' id='line_1_55' title="bbox 44 1811 873 1856; baseline -0.001 -13"><span class='ocrx_word' id='word_1_422' title='bbox 44 1823 171 1856; x_wconf 81' lang='lat' dir='ltr'>quarum</span> <span class='ocrx_word' id='word_1_423' title='bbox 187 1811 338 1853; x_wconf 78' lang='lat' dir='ltr'>quaelibet</span> <span class='ocrx_word' id='word_1_424' title='bbox 351 1821 479 1853; x_wconf 84' lang='lat' dir='ltr'>quatuor</span> <span class='ocrx_word' id='word_1_425' title='bbox 487 1812 580 1841; x_wconf 85' lang='lat' dir='ltr'>libros</span> <span class='ocrx_word' id='word_1_426' title='bbox 589 1813 809 1854; x_wconf 47' lang='lat' dir='ltr'>complectitur,</span> <span class='ocrx_word' id='word_1_427' title='bbox 830 1815 873 1842; x_wconf 86' lang='lat' dir='ltr'>ita</span> 
     </span>
     <span class='ocr_line' id='line_1_56' title="bbox 45 1854 872 1891; baseline -0.002 -5"><span class='ocrx_word' id='word_1_428' title='bbox 45 1864 77 1888; x_wconf 72' lang='lat' dir='ltr'>vl</span> <span class='ocrx_word' id='word_1_429' title='bbox 103 1864 200 1885; x_wconf 81' lang='lat' dir='ltr'>totum</span> <span class='ocrx_word' id='word_1_430' title='bbox 228 1854 378 1891; x_wconf 76' lang='lat' dir='ltr'>syntagma</span> <span class='ocrx_word' id='word_1_431' title='bbox 400 1857 431 1884; x_wconf 89' lang='lat' dir='ltr'>in</span> <span class='ocrx_word' id='word_1_432' title='bbox 453 1855 623 1885; x_wconf 82' lang='lat' dir='ltr'>vniuersum</span> <span class='ocrx_word' id='word_1_433' title='bbox 648 1858 762 1886; x_wconf 76' lang='lat' dir='ltr'>constet</span> <span class='ocrx_word' id='word_1_434' title='bbox 787 1855 872 1885; x_wconf 86' lang='lat' dir='ltr'>libris</span> 
     </span>
     <span class='ocr_line' id='line_1_57' title="bbox 33 1898 874 1942; baseline -0.004 -13"><span class='ocrx_word' id='word_1_435' title='bbox 33 1898 188 1942; x_wconf 63' lang='lat' dir='ltr'>sede·cim,·</span> <span class='ocrx_word' id='word_1_436' title='bbox 223 1905 430 1934; x_wconf 83' lang='lat' dir='ltr'>argumentum</span> <span class='ocrx_word' id='word_1_437' title='bbox 461 1899 553 1927; x_wconf 88' lang='lat' dir='ltr'>totius</span> <span class='ocrx_word' id='word_1_438' title='bbox 576 1899 677 1938; x_wconf 85' lang='lat' dir='ltr'>operis</span> <span class='ocrx_word' id='word_1_439' title='bbox 700 1898 874 1928; x_wconf 77' lang='lat' dir='ltr'>inscribitur</span> 
     </span>
     <span class='ocr_line' id='line_1_58' title="bbox 44 1938 874 1982; baseline -0.002 -12"><span class='ocrx_word' id='word_1_440' title='bbox 44 1951 134 1982; x_wconf 73' lang='lat' dir='ltr'>atque</span> <span class='ocrx_word' id='word_1_441' title='bbox 158 1942 282 1981; x_wconf 76' lang='lat' dir='ltr'>incipit:</span> <span class='ocrx_word' id='word_1_442' title='bbox 312 1938 434 1972; x_wconf 69' lang='grc' dir='ltr'>Δῆλωσις</span> <span class='ocrx_word' id='word_1_443' title='bbox 454 1942 504 1969; x_wconf 73' lang='grc' dir='ltr'>τῦν</span> <span class='ocrx_word' id='word_1_444' title='bbox 526 1942 756 1980; x_wconf 64' lang='grc' dir='ltr'><strong><em>ἐμπεριεχομένων</em></strong></span> <span class='ocrx_word' id='word_1_445' title='bbox 775 1942 800 1969; x_wconf 74' lang='grc' dir='ltr'>ἰν</span> <span class='ocrx_word' id='word_1_446' title='bbox 819 1944 874 1969; x_wconf 73' lang='grc' dir='ltr'>τοῖς</span> 
     </span>
     <span class='ocr_line' id='line_1_59' title="bbox 45 1981 874 2023; baseline 0.001 -12"><span class='ocrx_word' id='word_1_447' title='bbox 45 1983 96 2015; x_wconf 62' lang='grc' dir='ltr'>ις’</span> <span class='ocrx_word' id='word_1_448' title='bbox 117 1985 240 2019; x_wconf 75' lang='grc' dir='ltr'>βιβλίοις</span> <span class='ocrx_word' id='word_1_449' title='bbox 255 1984 290 2011; x_wconf 73' lang='grc' dir='ltr'>τξ</span> <span class='ocrx_word' id='word_1_450' title='bbox 305 1981 412 2011; x_wconf 63' lang='lat' dir='ltr'>‘Ari-1¹3·</span> <span class='ocrx_word' id='word_1_451' title='bbox 438 1992 467 2012; x_wconf 86' lang='lat' dir='ltr'>et</span> <span class='ocrx_word' id='word_1_452' title='bbox 482 1982 552 2012; x_wconf 86' lang='lat' dir='ltr'>libri</span> <span class='ocrx_word' id='word_1_453' title='bbox 569 1986 658 2023; x_wconf 81' lang='lat' dir='ltr'>primi</span> <span class='ocrx_word' id='word_1_454' title='bbox 681 1985 801 2012; x_wconf 88' lang='lat' dir='ltr'>initium</span> <span class='ocrx_word' id='word_1_455' title='bbox 819 1984 874 2012; x_wconf 83' lang='lat' dir='ltr'>est:</span> 
     </span>
     <span class='ocr_line' id='line_1_60' title="bbox 44 2023 875 2065; baseline -0.004 -9"><span class='ocrx_word' id='word_1_456' title='bbox 44 2027 137 2059; x_wconf 74' lang='grc' dir='ltr'>’Δετίε</span> <span class='ocrx_word' id='word_1_457' title='bbox 158 2023 329 2062; x_wconf 49' lang='lat' dir='ltr'>&#39;Apicii-ri</span> <span class='ocrx_word' id='word_1_458' title='bbox 351 2029 463 2060; x_wconf 69' lang='grc' dir='ltr'>βιβλίον</span> <span class='ocrx_word' id='word_1_459' title='bbox 479 2027 595 2065; x_wconf 63' lang='grc' dir='ltr'>πρᾶτον·</span> <span class='ocrx_word' id='word_1_460' title='bbox 619 2024 723 2060; x_wconf 62' lang='grc' dir='ltr'>σύνοψις</span> <span class='ocrx_word' id='word_1_461' title='bbox 742 2027 791 2054; x_wconf 67' lang='grc' dir='ltr'>τᾶν</span> <span class='ocrx_word' id='word_1_462' title='bbox 800 2026 875 2065; x_wconf 68' lang='grc' dir='ltr'>τριῖιῖν</span> 
     </span>
     <span class='ocr_line' id='line_1_61' title="bbox 43 2068 872 2109; baseline 0 -11"><span class='ocrx_word' id='word_1_463' title='bbox 43 2071 161 2108; x_wconf 64' lang='grc' dir='ltr'><strong><em>βιβλίων</em></strong></span> <span class='ocrx_word' id='word_1_464' title='bbox 176 2068 394 2109; x_wconf 58' lang='grc' dir='ltr'>Ὀμβκσίίεισ.</span> <span class='ocrx_word' id='word_1_465' title='bbox 441 2073 537 2109; x_wconf 79' lang='lat' dir='ltr'>Atque</span> <span class='ocrx_word' id='word_1_466' title='bbox 554 2068 692 2100; x_wconf 49' lang='lat' dir='ltr'>Lawdfec,</span> <span class='ocrx_word' id='word_1_467' title='bbox 715 2068 735 2098; x_wconf 90' lang='lat' dir='ltr'>l.</span> <span class='ocrx_word' id='word_1_468' title='bbox 755 2080 779 2098; x_wconf 94' lang='lat' dir='ltr'>c.</span> <span class='ocrx_word' id='word_1_469' title='bbox 805 2078 872 2109; x_wconf 86' lang='lat' dir='ltr'>pag.</span> 
     </span>
     <span class='ocr_line' id='line_1_62' title="bbox 46 2111 872 2154; baseline -0.002 -12"><span class='ocrx_word' id='word_1_470' title='bbox 46 2123 92 2151; x_wconf 60' lang='grc' dir='ltr'>κς</span> <span class='ocrx_word' id='word_1_471' title='bbox 118 2113 159 2154; x_wconf 89' lang='lat' dir='ltr'>sq.</span> <span class='ocrx_word' id='word_1_472' title='bbox 185 2120 284 2147; x_wconf 81' lang='lat' dir='ltr'>notat,</span> <span class='ocrx_word' id='word_1_473' title='bbox 316 2111 362 2141; x_wconf 85' lang='lat' dir='ltr'>ed.</span> <span class='ocrx_word' id='word_1_474' title='bbox 388 2122 431 2149; x_wconf 85' lang='lat' dir='ltr'>gr.</span> <span class='ocrx_word' id='word_1_475' title='bbox 456 2111 594 2142; x_wconf 80' lang='lat' dir='ltr'>Aldinam</span> <span class='ocrx_word' id='word_1_476' title='bbox 619 2112 702 2152; x_wconf 79' lang='lat' dir='ltr'>posse</span> <span class='ocrx_word' id='word_1_477' title='bbox 723 2112 872 2141; x_wconf 71' lang='lat' dir='ltr'>beneficio</span> 
     </span>
     <span class='ocr_line' id='line_1_63' title="bbox 45 2153 874 2195; baseline -0.006 -8"><span class='ocrx_word' id='word_1_478' title='bbox 45 2159 132 2187; x_wconf 75' lang='lat' dir='ltr'>liuius</span> <span class='ocrx_word' id='word_1_479' title='bbox 151 2153 219 2184; x_wconf 87' lang='lat' dir='ltr'>cod.</span> <span class='ocrx_word' id='word_1_480' title='bbox 237 2156 313 2186; x_wconf 84' lang='lat' dir='ltr'>MSti</span> <span class='ocrx_word' id='word_1_481' title='bbox 335 2154 409 2184; x_wconf 87' lang='lat' dir='ltr'>caes.</span> <span class='ocrx_word' id='word_1_482' title='bbox 435 2165 495 2184; x_wconf 91' lang='lat' dir='ltr'>non</span> <span class='ocrx_word' id='word_1_483' title='bbox 517 2153 611 2183; x_wconf 75' lang='lat' dir='ltr'>solum</span> <span class='ocrx_word' id='word_1_484' title='bbox 634 2154 772 2195; x_wconf 81' lang='lat' dir='ltr'>plurimis</span> <span class='ocrx_word' id='word_1_485' title='bbox 797 2153 874 2183; x_wconf 88' lang='lat' dir='ltr'>locis</span> 
     </span>
     <span class='ocr_line' id='line_1_64' title="bbox 43 2195 872 2237; baseline -0.002 -9"><span class='ocrx_word' id='word_1_486' title='bbox 43 2197 195 2229; x_wconf 78' lang='lat' dir='ltr'>emendari</span> <span class='ocrx_word' id='word_1_487' title='bbox 211 2204 300 2237; x_wconf 85' lang='lat' dir='ltr'>atque</span> <span class='ocrx_word' id='word_1_488' title='bbox 316 2196 472 2229; x_wconf 79' lang='lat' dir='ltr'>illustrari3</span> <span class='ocrx_word' id='word_1_489' title='bbox 495 2196 545 2226; x_wconf 85' lang='lat' dir='ltr'>sed</span> <span class='ocrx_word' id='word_1_490' title='bbox 562 2199 650 2226; x_wconf 84' lang='lat' dir='ltr'>etiam</span> <span class='ocrx_word' id='word_1_491' title='bbox 668 2198 792 2233; x_wconf 72' lang='lat' dir='ltr'>integris</span> <span class='ocrx_word' id='word_1_492' title='bbox 809 2195 872 2226; x_wconf 68' lang='lat' dir='ltr'>offo</span> 
     </span>
     <span class='ocr_line' id='line_1_65' title="bbox 39 2238 872 2283; baseline -0.006 -11"><span class='ocrx_word' id='word_1_493' title='bbox 39 2239 258 2283; x_wconf 76' lang='lat' dir='ltr'>posterioribus</span> <span class='ocrx_word' id='word_1_494' title='bbox 273 2238 363 2269; x_wconf 75' lang='lat' dir='ltr'>libris</span> <span class='ocrx_word' id='word_1_495' title='bbox 378 2239 525 2280; x_wconf 80' lang='lat' dir='ltr'>suppleri:</span> <span class='ocrx_word' id='word_1_496' title='bbox 548 2241 578 2268; x_wconf 93' lang='lat' dir='ltr'>in</span> <span class='ocrx_word' id='word_1_497' title='bbox 598 2248 667 2268; x_wconf 82' lang='lat' dir='ltr'>nota</span> <span class='ocrx_word' id='word_1_498' title='bbox 683 2248 779 2268; x_wconf 80' lang='lat' dir='ltr'>autem</span> <span class='ocrx_word' id='word_1_499' title='bbox 795 2249 822 2268; x_wconf 86' lang='lat'>2.</span> <span class='ocrx_word' id='word_1_500' title='bbox 844 2246 872 2267; x_wconf 92' lang='lat' dir='ltr'>et</span> 
     </span>
     <span class='ocr_line' id='line_1_66' title="bbox 43 2280 871 2322; baseline -0.006 -8"><span class='ocrx_word' id='word_1_501' title='bbox 43 2294 66 2321; x_wconf 82' lang='lat'>3.</span> <span class='ocrx_word' id='word_1_502' title='bbox 84 2284 211 2319; x_wconf 85' lang='lat' dir='ltr'>corrigit</span> <span class='ocrx_word' id='word_1_503' title='bbox 227 2292 360 2311; x_wconf 87' lang='lat' dir='ltr'>errorem</span> <span class='ocrx_word' id='word_1_504' title='bbox 379 2282 466 2313; x_wconf 68' lang='lat' dir='ltr'>Petri</span> <span class='ocrx_word' id='word_1_505' title='bbox 481 2282 657 2322; x_wconf 55' lang='lat' dir='ltr'>Castelliani,</span> <span class='ocrx_word' id='word_1_506' title='bbox 681 2283 711 2310; x_wconf 92' lang='lat' dir='ltr'>in</span> <span class='ocrx_word' id='word_1_507' title='bbox 731 2280 810 2310; x_wconf 88' lang='lat' dir='ltr'>libro</span> <span class='ocrx_word' id='word_1_508' title='bbox 835 2280 871 2310; x_wconf 91' lang='lat' dir='ltr'>de</span> 
     </span>
     <span class='ocr_line' id='line_1_67' title="bbox 44 2323 870 2367; baseline -0.006 -9"><span class='ocrx_word' id='word_1_509' title='bbox 44 2329 114 2358; x_wconf 80' lang='lat' dir='ltr'>vitis</span> <span class='ocrx_word' id='word_1_510' title='bbox 139 2324 298 2356; x_wconf 74' lang='lat' dir='ltr'>illustrium</span> <span class='ocrx_word' id='word_1_511' title='bbox 319 2323 508 2356; x_wconf 84' lang='lat' dir='ltr'>medicorum</span> <span class='ocrx_word' id='word_1_512' title='bbox 531 2335 599 2366; x_wconf 82' lang='lat' dir='ltr'>pag.</span> <span class='ocrx_word' id='word_1_513' title='bbox 624 2334 684 2362; x_wconf 77' lang='lat'>150.</span> <span class='ocrx_word' id='word_1_514' title='bbox 712 2333 870 2367; x_wconf 76' lang='lat' dir='ltr'>perperam</span> 
     </span>
    </p>
   </div>
   <div class='ocr_carea' id='block_1_14' title="bbox 923 1422 1756 2320">
    <p class='ocr_par' dir='ltr' id='par_1_14' title="bbox 923 1422 1756 2320">
     <span class='ocr_line' id='line_1_68' title="bbox 928 1422 1755 1461; baseline -0.011 -3"><span class='ocrx_word' id='word_1_515' title='bbox 928 1429 1010 1458; x_wconf 84' lang='lat' dir='ltr'>tertii</span> <span class='ocrx_word' id='word_1_516' title='bbox 1026 1429 1164 1458; x_wconf 86' lang='lat' dir='ltr'>initium:</span> <span class='ocrx_word' id='word_1_517' title='bbox 1187 1430 1218 1457; x_wconf 84' lang='lat' dir='ltr'>in</span> <span class='ocrx_word' id='word_1_518' title='bbox 1233 1427 1296 1458; x_wconf 88' lang='lat' dir='ltr'>vol.</span> <span class='ocrx_word' id='word_1_519' title='bbox 1313 1430 1352 1457; x_wconf 89' lang='lat'>11.</span> <span class='ocrx_word' id='word_1_520' title='bbox 1369 1426 1563 1455; x_wconf 84' lang='lat' dir='ltr'>continuatur</span> <span class='ocrx_word' id='word_1_521' title='bbox 1579 1422 1755 1461; x_wconf 24' lang='lat' dir='ltr'>liber-&gt;xlm</span> 
     </span>
     <span class='ocr_line' id='line_1_69' title="bbox 929 1459 1756 1513; baseline -0.011 -12"><span class='ocrx_word' id='word_1_522' title='bbox 929 1481 1017 1513; x_wconf 86' lang='lat' dir='ltr'>quem</span> <span class='ocrx_word' id='word_1_523' title='bbox 1034 1472 1188 1511; x_wconf 83' lang='lat' dir='ltr'>excipiunt</span> <span class='ocrx_word' id='word_1_524' title='bbox 1205 1478 1263 1500; x_wconf 89' lang='lat' dir='ltr'>tres</span> <span class='ocrx_word' id='word_1_525' title='bbox 1279 1465 1387 1510; x_wconf 81' lang='lat' dir='ltr'>reliqui</span> <span class='ocrx_word' id='word_1_526' title='bbox 1403 1468 1524 1504; x_wconf 80' lang='lat' dir='ltr'>integri.</span> <span class='ocrx_word' id='word_1_527' title='bbox 1548 1482 1588 1489; x_wconf 89' lang='lat'><strong>—</strong></span> <span class='ocrx_word' id='word_1_528' title='bbox 1633 1468 1668 1495; x_wconf 91' lang='lat' dir='ltr'>In</span> <span class='ocrx_word' id='word_1_529' title='bbox 1686 1459 1756 1492; x_wconf 86' lang='lat' dir='ltr'>cod.</span> 
     </span>
     <span class='ocr_line' id='line_1_70' title="bbox 927 1508 1754 1550; baseline -0.012 -6"><span class='ocrx_word' id='word_1_530' title='bbox 927 1517 992 1545; x_wconf 84' lang='lat' dir='ltr'>L11.</span> <span class='ocrx_word' id='word_1_531' title='bbox 1008 1513 1079 1543; x_wconf 83' lang='lat' dir='ltr'>libri</span> <span class='ocrx_word' id='word_1_532' title='bbox 1093 1514 1158 1550; x_wconf 82' lang='lat' dir='ltr'>sex,</span> <span class='ocrx_word' id='word_1_533' title='bbox 1181 1524 1209 1543; x_wconf 89' lang='lat' dir='ltr'>n.</span> <span class='ocrx_word' id='word_1_534' title='bbox 1227 1514 1367 1548; x_wconf 68' lang='lat' dir='ltr'>oaauus,</span> <span class='ocrx_word' id='word_1_535' title='bbox 1389 1521 1503 1546; x_wconf 87' lang='lat' dir='ltr'>nonus,</span> <span class='ocrx_word' id='word_1_536' title='bbox 1527 1508 1677 1542; x_wconf 87' lang='lat' dir='ltr'>decimus,</span> <span class='ocrx_word' id='word_1_537' title='bbox 1700 1515 1754 1536; x_wconf 84' lang='lat' dir='ltr'>vn-</span> 
     </span>
     <span class='ocr_line' id='line_1_71' title="bbox 925 1554 1754 1592; baseline -0.011 -6"><span class='ocrx_word' id='word_1_538' title='bbox 925 1556 1076 1592; x_wconf 85' lang='lat' dir='ltr'>decimus,</span> <span class='ocrx_word' id='word_1_539' title='bbox 1101 1555 1297 1586; x_wconf 84' lang='lat' dir='ltr'>duodecimus</span> <span class='ocrx_word' id='word_1_540' title='bbox 1311 1563 1341 1585; x_wconf 86' lang='lat' dir='ltr'>et</span> <span class='ocrx_word' id='word_1_541' title='bbox 1361 1554 1494 1584; x_wconf 82' lang='lat' dir='ltr'>decimus</span> <span class='ocrx_word' id='word_1_542' title='bbox 1511 1554 1614 1583; x_wconf 85' lang='lat' dir='ltr'>tertius</span> <span class='ocrx_word' id='word_1_543' title='bbox 1627 1573 1635 1586; x_wconf 93' lang='lat'><em>‚</em></span> <span class='ocrx_word' id='word_1_544' title='bbox 1663 1557 1754 1578; x_wconf 86' lang='lat' dir='ltr'>manu</span> 
     </span>
     <span class='ocr_line' id='line_1_72' title="bbox 923 1590 1753 1637; baseline -0.01 -8"><span class='ocrx_word' id='word_1_545' title='bbox 923 1603 970 1630; x_wconf 88' lang='lat' dir='ltr'>Io.</span> <span class='ocrx_word' id='word_1_546' title='bbox 989 1599 1203 1636; x_wconf 86' lang='lat' dir='ltr'>Magenbuchii</span> <span class='ocrx_word' id='word_1_547' title='bbox 1218 1601 1290 1629; x_wconf 87' lang='lat' dir='ltr'>circ.</span> <span class='ocrx_word' id='word_1_548' title='bbox 1310 1609 1337 1627; x_wconf 80' lang='lat' dir='ltr'>a.</span> <span class='ocrx_word' id='word_1_549' title='bbox 1355 1606 1427 1635; x_wconf 83' lang='lat'>1523.</span> <span class='ocrx_word' id='word_1_550' title='bbox 1444 1596 1557 1637; x_wconf 87' lang='lat' dir='ltr'>scripti.</span> <span class='ocrx_word' id='word_1_551' title='bbox 1602 1592 1675 1625; x_wconf 83' lang='lat' dir='ltr'>Illos</span> <span class='ocrx_word' id='word_1_552' title='bbox 1690 1590 1753 1621; x_wconf 85' lang='lat' dir='ltr'>duo</span> 
     </span>
     <span class='ocr_line' id='line_1_73' title="bbox 924 1637 1754 1682; baseline -0.011 -10"><span class='ocrx_word' id='word_1_553' title='bbox 924 1641 1014 1672; x_wconf 83' lang='lat' dir='ltr'>codd.</span> <span class='ocrx_word' id='word_1_554' title='bbox 1028 1641 1160 1672; x_wconf 85' lang='lat' dir='ltr'>recenset</span> <span class='ocrx_word' id='word_1_555' title='bbox 1174 1641 1334 1672; x_wconf 79' lang='lat' dir='ltr'>Kollarius</span> <span class='ocrx_word' id='word_1_556' title='bbox 1348 1642 1380 1670; x_wconf 90' lang='lat' dir='ltr'>in</span> <span class='ocrx_word' id='word_1_557' title='bbox 1395 1639 1490 1682; x_wconf 83' lang='lat' dir='ltr'>suppl.</span> <span class='ocrx_word' id='word_1_558' title='bbox 1506 1637 1543 1667; x_wconf 87' lang='lat' dir='ltr'>ad</span> <span class='ocrx_word' id='word_1_559' title='bbox 1554 1637 1656 1668; x_wconf 82' lang='lat' dir='ltr'>Lainb.</span> <span class='ocrx_word' id='word_1_560' title='bbox 1671 1644 1754 1682; x_wconf 60' lang='lat' dir='ltr'>coni-</span> 
     </span>
     <span class='ocr_line' id='line_1_74' title="bbox 924 1678 1753 1726; baseline -0.011 -12"><span class='ocrx_word' id='word_1_561' title='bbox 924 1692 1016 1714; x_wconf 88' lang='lat' dir='ltr'>ment.</span> <span class='ocrx_word' id='word_1_562' title='bbox 1033 1695 1101 1726; x_wconf 84' lang='lat' dir='ltr'>pag.</span> <span class='ocrx_word' id='word_1_563' title='bbox 1119 1694 1183 1722; x_wconf 77' lang='lat'>394.</span> <span class='ocrx_word' id='word_1_564' title='bbox 1209 1684 1271 1725; x_wconf 89' lang='lat' dir='ltr'>sqq.</span> <span class='ocrx_word' id='word_1_565' title='bbox 1294 1691 1323 1713; x_wconf 86' lang='lat' dir='ltr'>et</span> <span class='ocrx_word' id='word_1_566' title='bbox 1339 1693 1407 1725; x_wconf 87' lang='lat' dir='ltr'>pag.</span> <span class='ocrx_word' id='word_1_567' title='bbox 1421 1687 1485 1719; x_wconf 76' lang='lat'>396.</span> <span class='ocrx_word' id='word_1_568' title='bbox 1510 1680 1538 1710; x_wconf 92' lang='lat' dir='ltr'>se</span> <span class='ocrx_word' id='word_1_569' title='bbox 1559 1682 1591 1723; x_wconf 85' lang='lat' dir='ltr'>in</span> <span class='ocrx_word' id='word_1_570' title='bbox 1607 1678 1689 1716; x_wconf 79' lang='lat' dir='ltr'>ysum</span> <span class='ocrx_word' id='word_1_571' title='bbox 1705 1679 1753 1707; x_wconf 78' lang='lat' dir='ltr'>Li-</span> 
     </span>
     <span class='ocr_line' id='line_1_75' title="bbox 923 1722 1754 1770; baseline -0.011 -13"><span class='ocrx_word' id='word_1_572' title='bbox 923 1729 1041 1770; x_wconf 81' lang='lat' dir='ltr'>psiensis</span> <span class='ocrx_word' id='word_1_573' title='bbox 1064 1726 1217 1756; x_wconf 81' lang='lat' dir='ltr'>cuiusdam</span> <span class='ocrx_word' id='word_1_574' title='bbox 1247 1726 1375 1762; x_wconf 86' lang='lat' dir='ltr'>eruditi,</span> <span class='ocrx_word' id='word_1_575' title='bbox 1403 1723 1620 1765; x_wconf 85' lang='lat' dir='ltr'>(Hebenstreiti</span> <span class='ocrx_word' id='word_1_576' title='bbox 1646 1722 1754 1761; x_wconf 85' lang='lat' dir='ltr'>opina-</span> 
     </span>
     <span class='ocr_line' id='line_1_76' title="bbox 924 1765 1754 1810; baseline -0.01 -10"><span class='ocrx_word' id='word_1_577' title='bbox 924 1770 1000 1810; x_wconf 79' lang='lat' dir='ltr'>tur,)</span> <span class='ocrx_word' id='word_1_578' title='bbox 1022 1780 1057 1800; x_wconf 85' lang='lat' dir='ltr'>ex</span> <span class='ocrx_word' id='word_1_579' title='bbox 1072 1769 1160 1799; x_wconf 86' lang='lat' dir='ltr'>codd.</span> <span class='ocrx_word' id='word_1_580' title='bbox 1176 1771 1254 1800; x_wconf 84' lang='lat' dir='ltr'>Aetii</span> <span class='ocrx_word' id='word_1_581' title='bbox 1276 1768 1452 1801; x_wconf 88' lang='lat' dir='ltr'>Vindobon.</span> <span class='ocrx_word' id='word_1_582' title='bbox 1476 1767 1512 1796; x_wconf 88' lang='lat' dir='ltr'>ab</span> <span class='ocrx_word' id='word_1_583' title='bbox 1532 1765 1597 1806; x_wconf 87' lang='lat' dir='ltr'>ipso</span> <span class='ocrx_word' id='word_1_584' title='bbox 1619 1773 1648 1794; x_wconf 91' lang='lat' dir='ltr'>et</span> <span class='ocrx_word' id='word_1_585' title='bbox 1668 1766 1754 1794; x_wconf 84' lang='lat' dir='ltr'>Lam-</span> 
     </span>
     <span class='ocr_line' id='line_1_77' title="bbox 924 1806 1753 1852; baseline -0.011 -9"><span class='ocrx_word' id='word_1_586' title='bbox 924 1814 1012 1843; x_wconf 85' lang='lat' dir='ltr'>becio</span> <span class='ocrx_word' id='word_1_587' title='bbox 1033 1814 1158 1842; x_wconf 72' lang='lat' dir='ltr'>recensis</span> <span class='ocrx_word' id='word_1_588' title='bbox 1188 1815 1358 1842; x_wconf 77' lang='lat' dir='ltr'>innumeras</span> <span class='ocrx_word' id='word_1_589' title='bbox 1387 1820 1481 1852; x_wconf 86' lang='lat' dir='ltr'>paene</span> <span class='ocrx_word' id='word_1_590' title='bbox 1511 1806 1662 1844; x_wconf 75' lang='lat' dir='ltr'>collegisse</span> <span class='ocrx_word' id='word_1_591' title='bbox 1684 1807 1753 1836; x_wconf 81' lang='lat' dir='ltr'>VV-</span> 
     </span>
     <span class='ocr_line' id='line_1_78' title="bbox 924 1847 1753 1894; baseline -0.012 -8"><span class='ocrx_word' id='word_1_592' title='bbox 924 1855 1004 1886; x_wconf 64' lang='lat' dir='ltr'>leekt.</span> <span class='ocrx_word' id='word_1_593' title='bbox 1022 1863 1051 1885; x_wconf 89' lang='lat' dir='ltr'>et</span> <span class='ocrx_word' id='word_1_594' title='bbox 1072 1864 1231 1891; x_wconf 76' lang='lat' dir='ltr'>„tantam‚</span> <span class='ocrx_word' id='word_1_595' title='bbox 1254 1857 1313 1891; x_wconf 82' lang='lat' dir='ltr'>ait,</span> <span class='ocrx_word' id='word_1_596' title='bbox 1336 1857 1368 1883; x_wconf 91' lang='lat' dir='ltr'>in</span> <span class='ocrx_word' id='word_1_597' title='bbox 1385 1851 1527 1894; x_wconf 77' lang='lat' dir='ltr'>inipreffis</span> <span class='ocrx_word' id='word_1_598' title='bbox 1552 1851 1665 1888; x_wconf 82' lang='lat' dir='ltr'>graecis</span> <span class='ocrx_word' id='word_1_599' title='bbox 1686 1847 1753 1877; x_wconf 87' lang='lat' dir='ltr'>lati-</span> 
     </span>
     <span class='ocr_line' id='line_1_79' title="bbox 926 1892 1755 1939; baseline -0.011 -11"><span class='ocrx_word' id='word_1_600' title='bbox 926 1900 1034 1939; x_wconf 87' lang='lat' dir='ltr'>nisque</span> <span class='ocrx_word' id='word_1_601' title='bbox 1068 1894 1287 1939; x_wconf 78' lang='lat' dir='ltr'>exemplaribus</span> <span class='ocrx_word' id='word_1_602' title='bbox 1318 1906 1486 1927; x_wconf 86' lang='lat' dir='ltr'>erratornm</span> <span class='ocrx_word' id='word_1_603' title='bbox 1518 1892 1755 1931; x_wconf 75' lang='lat' dir='ltr'>otnifforumque</span> 
     </span>
     <span class='ocr_line' id='line_1_80' title="bbox 926 1934 1752 1982; baseline -0.01 -12"><span class='ocrx_word' id='word_1_604' title='bbox 926 1944 1045 1982; x_wconf 85' lang='lat' dir='ltr'>copiam</span> <span class='ocrx_word' id='word_1_605' title='bbox 1062 1940 1239 1981; x_wconf 69' lang='lat' dir='ltr'>comperisse</span> <span class='ocrx_word' id='word_1_606' title='bbox 1258 1941 1332 1970; x_wconf 91' lang='lat' dir='ltr'>mihi</span> <span class='ocrx_word' id='word_1_607' title='bbox 1348 1940 1426 1969; x_wconf 88' lang='lat' dir='ltr'>visus</span> <span class='ocrx_word' id='word_1_608' title='bbox 1444 1938 1524 1972; x_wconf 76' lang='lat' dir='ltr'>sinn,</span> <span class='ocrx_word' id='word_1_609' title='bbox 1547 1944 1578 1966; x_wconf 88' lang='lat' dir='ltr'>vt</span> <span class='ocrx_word' id='word_1_610' title='bbox 1599 1937 1658 1964; x_wconf 89' lang='lat' dir='ltr'>hoc</span> <span class='ocrx_word' id='word_1_611' title='bbox 1673 1934 1752 1964; x_wconf 70' lang='lat' dir='ltr'>Aetii</span> 
     </span>
     <span class='ocr_line' id='line_1_81' title="bbox 927 1979 1754 2025; baseline -0.01 -13"><span class='ocrx_word' id='word_1_612' title='bbox 927 1994 1003 2025; x_wconf 91' lang='lat' dir='ltr'>opus</span> <span class='ocrx_word' id='word_1_613' title='bbox 1020 1994 1080 2013; x_wconf 93' lang='lat' dir='ltr'>non</span> <span class='ocrx_word' id='word_1_614' title='bbox 1097 1986 1180 2024; x_wconf 85' lang='lat' dir='ltr'>prius</span> <span class='ocrx_word' id='word_1_615' title='bbox 1195 1982 1315 2012; x_wconf 86' lang='lat' dir='ltr'>salutari</span> <span class='ocrx_word' id='word_1_616' title='bbox 1333 1984 1390 2012; x_wconf 86' lang='lat' dir='ltr'>arti</span> <span class='ocrx_word' id='word_1_617' title='bbox 1404 1980 1477 2012; x_wconf 79' lang='lat' dir='ltr'>vtile</span> <span class='ocrx_word' id='word_1_618' title='bbox 1492 1979 1558 2010; x_wconf 87' lang='lat' dir='ltr'>fore</span> <span class='ocrx_word' id='word_1_619' title='bbox 1579 1979 1754 2011; x_wconf 82' lang='lat' dir='ltr'>existimem,</span> 
     </span>
     <span class='ocr_line' id='line_1_82' title="bbox 928 2020 1756 2066; baseline -0.01 -11"><span class='ocrx_word' id='word_1_620' title='bbox 928 2036 1018 2066; x_wconf 85' lang='lat' dir='ltr'>quam</span> <span class='ocrx_word' id='word_1_621' title='bbox 1043 2036 1109 2055; x_wconf 86' lang='lat' dir='ltr'>cum</span> <span class='ocrx_word' id='word_1_622' title='bbox 1139 2025 1254 2066; x_wconf 84' lang='lat' dir='ltr'>scriptis</span> <span class='ocrx_word' id='word_1_623' title='bbox 1287 2025 1372 2054; x_wconf 88' lang='lat' dir='ltr'>libris</span> <span class='ocrx_word' id='word_1_624' title='bbox 1401 2025 1506 2053; x_wconf 83' lang='lat' dir='ltr'>nostris</span> <span class='ocrx_word' id='word_1_625' title='bbox 1535 2020 1756 2057; x_wconf 81' lang='lat' dir='ltr'>diligentiffime</span> 
     </span>
     <span class='ocr_line' id='line_1_83' title="bbox 928 2061 1753 2109; baseline -0.008 -12"><span class='ocrx_word' id='word_1_626' title='bbox 928 2067 1020 2097; x_wconf 88' lang='lat' dir='ltr'>fuerit</span> <span class='ocrx_word' id='word_1_627' title='bbox 1040 2076 1265 2109; x_wconf 83' lang='lat' dir='ltr'>comparatum,</span> <span class='ocrx_word' id='word_1_628' title='bbox 1290 2066 1487 2096; x_wconf 80' lang='lat' dir='ltr'>&#39;emendatum</span> <span class='ocrx_word' id='word_1_629' title='bbox 1517 2072 1604 2105; x_wconf 85' lang='lat' dir='ltr'>atque</span> <span class='ocrx_word' id='word_1_630' title='bbox 1638 2061 1753 2104; x_wconf 86' lang='lat' dir='ltr'>supple-</span> 
     </span>
     <span class='ocr_line' id='line_1_84' title="bbox 927 2103 1755 2151; baseline -0.008 -11"><span class='ocrx_word' id='word_1_631' title='bbox 927 2114 1030 2140; x_wconf 87' lang='lat' dir='ltr'>tum.“</span> <span class='ocrx_word' id='word_1_632' title='bbox 1072 2114 1186 2151; x_wconf 83' lang='lat' dir='ltr'>Atque,</span> <span class='ocrx_word' id='word_1_633' title='bbox 1206 2118 1239 2139; x_wconf 89' lang='lat' dir='ltr'>vt</span> <span class='ocrx_word' id='word_1_634' title='bbox 1253 2111 1353 2151; x_wconf 80' lang='lat' dir='ltr'>postea</span> <span class='ocrx_word' id='word_1_635' title='bbox 1367 2108 1602 2143; x_wconf 85' lang='lat' dir='ltr'>declarabimus,</span> <span class='ocrx_word' id='word_1_636' title='bbox 1624 2108 1703 2137; x_wconf 89' lang='lat' dir='ltr'>XVI.</span> <span class='ocrx_word' id='word_1_637' title='bbox 1718 2103 1755 2134; x_wconf 95' lang='lat' dir='ltr'>li-</span> 
     </span>
     <span class='ocr_line' id='line_1_85' title="bbox 927 2148 1754 2193; baseline -0.007 -11"><span class='ocrx_word' id='word_1_638' title='bbox 927 2153 998 2182; x_wconf 89' lang='lat' dir='ltr'>bros</span> <span class='ocrx_word' id='word_1_639' title='bbox 1015 2163 1139 2190; x_wconf 82' lang='lat' dir='ltr'>graecos</span> <span class='ocrx_word' id='word_1_640' title='bbox 1154 2152 1265 2182; x_wconf 87' lang='lat' dir='ltr'>edituri</span> <span class='ocrx_word' id='word_1_641' title='bbox 1282 2160 1367 2182; x_wconf 82' lang='lat' dir='ltr'>erant</span> <span class='ocrx_word' id='word_1_642' title='bbox 1385 2151 1508 2193; x_wconf 88' lang='lat' dir='ltr'>quidam</span> <span class='ocrx_word' id='word_1_643' title='bbox 1523 2151 1584 2181; x_wconf 84' lang='lat' dir='ltr'>viri</span> <span class='ocrx_word' id='word_1_644' title='bbox 1600 2148 1697 2184; x_wconf 72' lang='grc' dir='ltr'>ἀοόὶὶ,</span> <span class='ocrx_word' id='word_1_645' title='bbox 1725 2154 1754 2176; x_wconf 82' lang='lat' dir='ltr'>et</span> 
     </span>
     <span class='ocr_line' id='line_1_86' title="bbox 926 2191 1755 2235; baseline -0.006 -11"><span class='ocrx_word' id='word_1_646' title='bbox 926 2197 958 2224; x_wconf 87' lang='lat' dir='ltr'>in</span> <span class='ocrx_word' id='word_1_647' title='bbox 989 2194 1077 2225; x_wconf 86' lang='lat' dir='ltr'>codd.</span> <span class='ocrx_word' id='word_1_648' title='bbox 1106 2195 1283 2225; x_wconf 78' lang='lat' dir='ltr'>Vindobon.</span> <span class='ocrx_word' id='word_1_649' title='bbox 1316 2193 1525 2235; x_wconf 80' lang='lat' dir='ltr'>comparandis</span> <span class='ocrx_word' id='word_1_650' title='bbox 1563 2191 1755 2231; x_wconf 81' lang='lat' dir='ltr'>curandaque</span> 
     </span>
     <span class='ocr_line' id='line_1_87' title="bbox 927 2234 1753 2278; baseline -0.005 -11"><span class='ocrx_word' id='word_1_651' title='bbox 927 2248 1006 2267; x_wconf 87' lang='lat' dir='ltr'>noua</span> <span class='ocrx_word' id='word_1_652' title='bbox 1032 2238 1168 2269; x_wconf 75' lang='lat' dir='ltr'>versione</span> <span class='ocrx_word' id='word_1_653' title='bbox 1192 2237 1324 2267; x_wconf 87' lang='lat' dir='ltr'>versatur</span> <span class='ocrx_word' id='word_1_654' title='bbox 1347 2237 1383 2267; x_wconf 91' lang='lat' dir='ltr'>cl.</span> <span class='ocrx_word' id='word_1_655' title='bbox 1415 2237 1604 2278; x_wconf 73' lang='lat' dir='ltr'>lVrigrlius,</span> <span class='ocrx_word' id='word_1_656' title='bbox 1633 2234 1704 2265; x_wconf 88' lang='lat' dir='ltr'>ideo</span> <span class='ocrx_word' id='word_1_657' title='bbox 1726 2242 1753 2262; x_wconf 78' lang='lat' dir='ltr'>a.</span> 
     </span>
     <span class='ocr_line' id='line_1_88' title="bbox 924 2276 1601 2320; baseline -0.003 -8"><span class='ocrx_word' id='word_1_658' title='bbox 924 2286 1005 2320; x_wconf 81' lang='lat'>1798.</span> <span class='ocrx_word' id='word_1_659' title='bbox 1025 2278 1228 2312; x_wconf 82' lang='lat' dir='ltr'>vindobonae</span> <span class='ocrx_word' id='word_1_660' title='bbox 1251 2288 1466 2312; x_wconf 74' lang='lat' dir='ltr'>commoratus.</span> <span class='ocrx_word' id='word_1_661' title='bbox 1508 2276 1601 2311; x_wconf 78' lang='lat' dir='ltr'>Harl.</span> 
     </span>
    </p>
   </div>
  </div>
 </body>
</html>
