2023 2656
32 130 348 214 Qui-pimus
410 190 413 191 γ
679 157 752 193 «οε
778 154 1147 212 ELECTIONIBVS.·
1385 154 1514 194 ων.
1531 154 1654 193 axx.
1707 166 1760 203 355

132 256 165 290 Si
183 264 259 287 vero
277 248 400 300 aliquid
420 248 577 299 pretiosae
593 249 801 301 supellectilis
815 249 948 287 aedium
965 248 1054 287 furto
1069 259 1196 300 pereat,‘
1245 263 1247 265 ·

133 307 172 349 In
187 305 285 338 ariete
299 313 436 337 coi-nuta
457 313 608 339 cui-rente
623 304 715 344 luna,
725 339 733 343 ,
840 311 841 314 ’
958 339 962 342 ,

131 357 219 391 Mox
233 352 428 394 sei-namur,
457 369 492 389 ac
510 357 542 389 in
558 353 698 390 domuin
711 367 893 404 manusque
906 354 976 390 heri
993 351 1120 391 redibit.

33 419 103 454 570.
131 408 169 442 In
184 416 277 441 tauro
293 415 403 440 autem
424 405 504 441 duni
520 404 642 442 incedit
654 407 776 442 vicibus
792 404 964 454 splendens
987 404 1080 447 luna,

132 459 283 492 Immittit
300 455 441 492 molt-1⁰10
460 455 549 491 fui-to
564 459 755 499 liominem3
783 470 891 506 neque
907 458 995 495 enim
1012 453 1109 492 facile

129 507 168 545 Id
183 508 403 555 recuperabis,
431 521 538 557 neque
553 510 717 543 iuuabitur
733 507 799 556 ipse
817 505 952 556 stolidus
968 504 1034 548 fur,

131 562 229 596 Lucri
243 561 366 607 rapacis
379 572 524 607 poenam
536 557 646 608 aperte
662 558 836 596 subiturus.

132 614 307 648 Decimam
321 620 403 646 ‘caue
420 614 566 646 maxime
580 614 660 646 tauri
674 609 840 646 semitam:

32 673 98 710 575.
125 665 277 711 Namque
293 662 374 697 aliae
389 663 495 698 bonae
511 672 543 697 et
556 665 713 698 innoxiae
730 661 803 698 sunt
822 664 896 697 viro
918 660 1040 710 partes}

132 716 249 762 Neque
263 727 399 763 grauem
416 723 447 749 et
462 711 721 762 ignominiosam
738 712 906 749 adducunt
919 725 1066 762 poenam

133 767 167 816 Sj
182 778 251 801 non
266 779 341 800 cum
357 767 466 801 Marte
478 768 649 800 communi
663 764 757 801 cursu
772 774 888 814 pergat
902 764 991 800 luna.

133 818 247 866 Qum
261 829 340 852 vero
356 830 415 865 per
429 816 519 865 ligna
534 819 748 865 geminorum
770 815 881 853 transit
901 817 1047 865 Regina‚'

133 871 167 904 Si
183 871 328 904 inueniass
345 865 472 909 furem,
500 871 657 917 exiguum
678 868 780 918 aequa
794 878 904 904 mente
923 865 1009 902 ferto·
1031 865 1200 905 damnum.

4 942 8 943 ν
35 927 109 966 580.
135 922 305 956 Cancrum
319 933 422 969 quum
442 918 621 969 insequitur
634 918 790 961 lucifera,
816 919 840 955 fi
859 916 1024 954 auferatur

133 976 322 1022 Argentum
336 970 563 1020 splendidum,
592 970 700 1007 rursus
717 975 749 1007 in
765 969 907 1006 domum
932 980 1021 1005 tuam
1040 968 1174 1006 adducit

131 1023 311 1070 Fulgidum
333 1036 468 1058 aurum:
502 1020 736 1071 possessionem
754 1020 1002 1070 depraedabitur
1017 1021 1128 1066 aliam,

137 1077 230 1124 Qae
245 1087 285 1109 ex
300 1073 431 1110 aedibus
448 1071 526 1108 furti
543 1073 674 1122 vestigia
690 1073 893 1109 indicauerit.

135 1124 200 1162 Sed
216 1124 240 1161 si
257 1124 403 1160 validum
416 1124 550 1159 leonem
567 1134 672 1159 teneat
688 1123 859 1172 splendens
874 1127 962 1159 varia
983 1120 1067 1158 facie

35 1183 101 1223 585.
126 1179 238 1217 Luna,
266 1177 349 1211 bene
365 1186 554 1216 comatum,
582 1185 660 1209 tunc
673 1188 745 1210 non
758 1173 853 1210 valde
870 1172 1078 1208 confidenter
1097 1172 1157 1207 tibi

134 1231 254 1263 Dicam
282 1236 314 1261 te
336 1239 405 1262 rein
429 1235 518 1261 tuam
536 1236 821 1273 recuperaturum:
849 1224 874 1259 si
890 1236 970 1260 vero
988 1222 1137 1273 puellam

135 1279 302 1316 Astraeam
316 1280 454 1312 traiiciat
467 1274 629 1312 cornifera
645 1275 783 1312 candida
797 1276 888 1317 luna,

135 1333 257 1379 Longo
274 1338 424 1377 ternpore
438 1341 487 1364 res
505 1325 626 1363 furtiua
643 1328 841 1363 morabitur:
867 1323 920 1362 sed
941 1323 1049 1361 rursus
1070 1324 1239 1374 apparebit

137 1379 278 1418 Infestus
291 1378 434 1429 praedo,
462 1382 496 1414 in
511 1377 611 1414 chelis
627 1377 760 1427 quando
778 1377 922 1414 decurrit
934 1388 1073 1413 cornuta
1086 1377 1178 1413 luna.

35 1446 110 1482 590.
135 1435 290 1470 Inuenies
307 1435 406 1467 etiam
421 1430 445 1466 ss
459 1433 492 1465 in
509 1429 661 1479 octipede
675 1429 827 1465 incedere
840 1442 914 1465 eam
935 1431 1108 1479 contingat

137 1487 297 1533 Scorpio:
324 1486 368 1518 At
383 1481 407 1517 fi
424 1491 531 1517 teneat
544 1479 698 1530 sagittarii
721 1494 841 1530 corpus
868 1483 1022 1523 noxium.

135 1539 254 1579 Periit,
280 1534 411 1570 lucrum
423 1546 502 1569 vero
521 1536 580 1568 erit
598 1530 725 1568 furibus
741 1531 957 1581 perniciosi&

136 1589 332 1636 Capricorni
355 1598 432 1620 vero
447 1583 610 1630 inclytum
630 1583 718 1619 fidus
741 1583 765 1620 si
785 1584 991 1620 illuminetur

135 1637 269 1676 Lucidis
288 1635 386 1674 radiis
401 1649 460 1685 per
472 1639 557 1670 vices
577 1638 769 1672 reuertentis
785 1635 893 1672 lunae.

38 1704 106 1740 595.
131 1694 224 1728 Licet
235 1688 345 1729 tarda,
374 1698 484 1723 tamen
504 1689 564 1722 erit
579 1690 742 1722 inuentio.
796 1684 1034 1722 Sedfiastrum

142 1744 276 1791 Aquarii
296 1737 491 1789 pertranseat
506 1738 637 1773 illustris
651 1739 769 1773 Theae
791 1737 871 1781 filia,

142 1794 253 1831 Dubia
271 1795 332 1827 erit
348 1788 492 1839 perditae
507 1792 553 1824 rei
569 1792 784 1838 recuperatio.

143 1848 183 1881 In
200 1847 306 1878 vernis
322 1840 461 1891 piscibus
481 1839 506 1875 sl
523 1843 688 1877 aetherem
702 1850 848 1889 permeet

19 1930 27 1934 ,
144 1894 331 1943 Conspicua
346 1893 503 1928 cornibus
523 1892 623 1933 luna,
651 1895 706 1928 vix
721 1890 843 1927 referes
859 1888 952 1941 quod
966 1886 1019 1927 fut

43 1953 123 1986 600.
150 1945 210 1996 [P]
238 1949 277 1982 In
292 1957 408 1980 manus
424 1946 562 1992 ceperit:
589 1946 690 1992 Saepe
704 1943 842 1992 quidem
857 1942 898 1979 de
911 1940 985 1978 fure

144 1996 316 2038 lnaudiea.
339 1995 536 2044 plerumque
553 2006 661 2030 autem
677 1992 776 2029 futuri
798 1993 871 2030 sunt
886 1997 999 2029 inanes

110 2052 129 2060 ”
145 2053 342 2088 Sermones,
370 2059 456 2081 vano
473 2056 604 2082 tumore
621 2049 675 2095 qui
691 2058 784 2080 aures
800 2044 1020 2080 demulceant·

149 2104 184 2138 Si
201 2113 279 2136 vero
295 2099 392 2135 lunae
406 2100 596 2133 communis
613 2095 711 2132 simul
727 2096 763 2132 fit
777 2095 887 2132 cursus
905 2109 981 2132 cum
1004 2091 1229 2131 festinantibus

152 2152 315 2200 Malignis
331 2147 449 2192 stellis,
478 2161 548 2185 tem
564 2151 721 2197 recipies:
744 2146 797 2184 sed
820 2146 845 2183 si
872 2160 949 2182 cum
971 2147 1132 2194 benignis,

49 2208 122 2254 605.
150 2207 232 2242 Ioue
245 2203 348 2240 nubes
364 2209 524 2251 cogente,
549 2213 602 2238 res
616 2197 740 2239 furtiua
762 2198 952 2250 simpliciter
972 2199 1080 2246 periit.

956 2250 1060 2295 Yy2
1741 2252 1774 2293 ἢ
