2023 2656
818 116 1057 145 --.--.----ε’
1486 128 1501 138 “
1721 137 1817 164 ῚΗΙ4

230 229 378 271 Pauca
407 227 555 271 adhuc
584 240 679 270 non
709 234 797 271 tam
827 229 885 272 ad
917 244 989 273 me
1021 228 1182 274 acriter
1226 238 1270 275 et
1316 233 1590 278 contentiose
1626 232 1782 278 defen-

58 325 282 374 dendum,
313 337 451 379 quarn
481 323 633 376 potius
666 323 722 364 ad
753 326 826 365 me
857 326 1197 378 quodammodo
1238 326 1566 376 excusandum,
1607 329 1779 370 addere

55 417 199 459 liceat.
258 415 313 459 In
336 407 450 458 'actis
481 415 701 459 litterariis
730 417 1014 467 Ienenfibus,
1045 419 1164 471 (Jen.
1197 420 1365 473 allgem.
1393 422 1638 461 Litteramr
1664 423 1776 463 >Zei-

29 490 205 564 ‘iung,)
245 508 436 558 a.-1806.
468 522 534 549 nr.
583 499 784 560 2¹26-23o.
819 511 876 549 est
905 510 1128 564 perlonga
1169 512 1394 565 doctaque
1444 513 1629 553 censura
1684 527 1777 554 om-

49 600 191 652 nium,
224 615 341 656 quae
363 602 602 654 hucusque
633 601 916 655 prodierunt,
946 603 993 643 in
1023 603 1184 654 lucem,
1216 605 1503 665 voluminum
1535 605 1778 646 bibliothe-

48 708 128 736 cae
156 696 331 736 nostrae
353 706 418 747 gr.
449 693 533 735 Vir
568 694 748 743 doctus,
787 695 843 735 ab
884 695 995 744 alio,
1034 705 1084 737 vt
1114 696 1322 750 suspicari
1348 697 1476 748 licet,
1514 711 1638 739 num0
1670 712 1700 740 1.
1733 711 1770 740 2.

46 776 272 837 discretis,
304 786 503 836 adiutus,
535 785 593 826 de
624 799 726 827 meo
760 787 946 840 quidem
977 788 1133 829 labore
1166 789 1470 831 humanissime
1496 789 1678 840 iudicat,
1710 799 1772 834 at-

44 893 137 935 que
168 893 253 933 ego
284 893 452 921 nomen
484 879 618 929 illius,
650 879 778 921 cuius
811 881 1148 934 animunterga
1178 896 1251 923 me
1284 881 1475 924 amicum
1503 897 1528 924 a
1558 882 1770 938 pluribus

42 973 173 1015 annis
199 973 346 1015 habeo
380 971 684 1026 exploratum,
718 985 775 1013 ex
801 974 1034 1015 nonnullis
1067 974 1178 1016 locis
1205 974 1503 1029 probabiliter
1534 974 1770 1017 coniecisse

39 1066 149 1107 mihi
179 1063 354 1108 videor.
385 1065 460 1108 vti
490 1065 625 1116 igitur
654 1062 773 1105 illius
806 1066 1115 1108 liberalitatem
1148 1077 1284 1121 atque
1314 1068 1634 1110 humanitatem
1667 1081 1767 1121 gra-

39 1169 108 1201 tus
137 1159 327 1211 agnosco
355 1157 588 1210 laudoque
621 1156 912 1197 lubentiffime
941 1158 1077 1211 eique
1109 1172 1194 1212 pro
1220 1159 1436 1211 egregiis,
1475 1173 1594 1214 quae
1626 1161 1764 1202 multa

35 1253 154 1301 funt,
183 1248 505 1306 supplementis
537 1258 682 1301 grates
714 1250 947 1303 persoluo;
1009 1250 1066 1290 ita
1098 1251 1250 1304 spero,
1282 1251 1401 1301 iore,
1430 1261 1478 1294 vt
1508 1252 1580 1293 vir
1610 1253 1762 1293 huma-

32 1344 229 1388 niffimus
256 1344 380 1395 mihi,
411 1343 491 1397 qui
523 1343 747 1396 quaedam
777 1356 862 1398 pro
895 1356 995 1384 mea
1025 1343 1272 1385 causs'aho'c
1303 1343 1404 1386 loco
1437 1345 1604 1395 dicam,
1634 1346 1761 1387 haud

32 1437 303 1486 succenseat,
335 1437 424 1479 siue
455 1435 578 1477 fastui
609 1444 684 1478 aut
715 1436 1009 1488 arrogantiae,
1041 1451 1066 1479 a
1098 1437 1265 1492 quibus
1299 1439 1411 1490 ego,
1442 1439 1608 1480 virium
1639 1450 1764 1479 mea-·

30 1544 132 1575 rum
162 1531 307 1587 probe
338 1513 554 1578 conscius,
586 1541 723 1583 quam
755 1530 949 1571 maxime
981 1528 1228 1580 abhorreo,
1272 1531 1493 1573 immerito
1517 1531 1760 1574 adtribuas·

28 1625 166 1669 Hanc
201 1608 666 1678 veniam'petimusque
702 1623 944 1678 damusque
986 1609 1198 1677 vicfflnzs
1243 1622 1563 1678 Supplementa
1602 1634 1753 1667 autem

28 1720 116 1760 alio
148 1728 375 1772 tempore,
415 1725 489 1757 aut
519 1715 567 1756 in
599 1715 688 1755 alio
727 1715 1013 1768 subsequenti
1051 1716 1285 1757 volumine
1325 1729 1428 1757 cum
1464 1715 1616 1757 multis
1652 1716 1754 1759 aliis

27 1825 53 1854 a
83 1825 180 1862 me,
212 1824 351 1866 quum
386 1808 483 1850 dies
519 1808 639 1848 diem
662 1808 847 1858 doceat,
887 1808 1106 1859 collectis,
1145 1809 1194 1850 in
1227 1808 1398 1862 quibus
1435 1818 1585 1850 tamen
1624 1809 1748 1851 haud

24 1909 182 1963 Pauca,
226 1917 344 1958 quae
376 1901 533 1943 censor
563 1901 732 1950 adtulit,
763 1915 789 1942 a
821 1914 894 1941 me
924 1914 1112 1956 quoque
1143 1901 1316 1943 interea
1347 1902 1562 1956 temporis
1594 1916 1750 1959 reper-

23 2009 89 2052 ta,
115 2009 158 2042 et
186 1987 425 2041 iam'antea
457 2007 562 2035 orae
593 1993 882 2035 voluminum
913 1995 1131 2049 adscripta
1163 1994 1247 2036 effe
1279 1995 1423 2045 testor,
1455 1995 1562 2037 b„c.·
1579 1997 1622 2038 d.
1649 1997 1748 2039 sum

23 2091 238 2137 editurus.
294 2089 394 2142 Ego
421 2101 536 2129 vero
561 2087 668 2128 nolo
700 2100 753 2127 ea
785 2085 957 2136 onmia,
990 2100 1109 2141 quae
1139 2088 1226 2129 iam
1258 2088 1305 2128 in
1335 2089 1544 2142 pluribus
1571 2090 1636 2130 -ad
1668 2090 1716 2132 su

21 2189 201 2246 periora
230 2183 464 2227 volumina
490 2180 844 2235 praefationibus
872 2181 928 2221 ad
955 2194 1099 2223 meam
1132 2180 1463 2223 excusationem
1495 2181 1665 2236 scripli,
1692 2181 1742 2223 in
1782 2228 1785 2233 .

19 2281 239 2337 praesenti
276 2277 461 2321 vberius
493 2282 714 2329 repetere.
777 2272 929 2332 Quare
965 2288 1132 2331 pauca,
1183 2287 1303 2329 quae
1346 2287 1575 2328 regeram,
1606 2274 1739 2318 ›suffi-

1609 2370 1741 2411 ciant.
