2023 2656
253 156 311 191 572
361 143 434 180 Lib.
446 139 491 180 V.
507 154 531 178 c.
541 138 662 178 XXV.

974 135 1162 178 IOANNIS
1187 137 1382 180 STOBAEI

1701 144 1765 192 Σο-ῐ.
1782 145 1858 175 vm.
1881 153 1906 181 p.
1927 147 1980 182 66?

262 237 383 275 censeri
400 236 628 286 supplet-ique,
657 244 688 271 et
703 234 777 272 loca
794 235 967 283 po‘e'tanum
984 247 1061 270 cum
1076 233 1272 283 metaphrasi
1296 236 1424 278 Grotii,
1453 232 1559 273 ceteri
1578 239 1656 274 clim
1678 239 1827 276 versione
1848 244 1984 278 Canteri

263 300 296 325 et
311 291 445 326 Gesneri
457 315 467 330 ,
490 286 544 323 sed
562 285 736 336 diligenter
752 285 922 322 emendata
938 286 1106 327 exhiberi,
1127 283 1374 335 necess‘ariisque
1391 290 1479 322 notis
1493 297 1524 322 et
1549 289 1642 326 bonis
1665 290 1827 328 indicibus
1853 292 1982 339 instrui,

263 351 361 389 atque
384 343 426 375 ita
451 337 667 387 frequentiori
697 336 935 377 studiosorum,
976 348 1076 385 quam
1104 347 1191 371 certe
1211 346 1373 378 meretur,
1408 337 1543 374 lee‘iioni
1573 340 1811 379 commendari.

1873 347 1984 386 Nunc‘s

264 405 346 442 quae
365 394 464 426 totius
483 393 591 440 operis
606 389 643 425 fit
661 392 742 426 ratio
759 399 790 424 et
808 387 1004 429 institutum,
1032 387 1147 435 paullo
1163 386 1343 424 distinctius
1360 389 1525 438 explicare
1539 392 1638 428 iuuat.

429 497 472 530 11.
487 495 536 529 Ex
545 493 631 529 libro
637 495 742 539 primo
752 500 783 526 et
781 491 922 538 ficmzdo
938 504 1020 539 quae
1035 488 1214 538 supersunt,
1231 491 1400 541 [Phystcae
1417 499 1446 527 et
1460 493 1700 541 Ethaeclogae]
1714 494 1824 533 lucem
1840 500 1985 547 primum

262 544 416 581 viderunt
427 558 543 594 graece
560 558 598 580 ex
614 543 729 580 codice
744 544 811 577 Iolz.
829 544 981 582 sambuci,
1010 542 1179 589 alteroque
1193 542 1417 578 emendatiore
1432 543 1578 591 quidem,
1606 543 1661 581 sed
1677 548 1791 583 multis
1807 559 1916 584 tamen
1927 547 1985 586 >ad-

262 599 327 634 huc
344 609 462 633 manco
485 593 538 644 Μ’)
564 597 708 645 partibus
721 621 731 637 ‚
761 594 849 632 Gztil.
874 594 995 636 sirleti,
1021 591 1212 635 cardinalis,
1246 592 1355 630 addita
1378 595 1466 630 Guil.
1493 595 1636 646 Camari
1649 597 1799 636 versione
1825 603 1878 642 ἐ),
1906 603 1986 635 Ant-

264 805 402 840 hiber-en
424 805 593 848 pleniorem
616 803 697 836 illam
721 801 868 847 superesse
890 802 922 836 in
940 801 1028 835 codd.
1047 805 1106 836 Va-

266 850 385 884 ticano,
409 851 591 887 Augustano,
614 848 818 885 Escuijialensi,
841 849 1000 879 Farnefino
1025 855 1108 877 vtro-

267 901 343 931 que3
386 891 510 921 alteram
541 892 636 921 solum
669 892 751 932 sequi
780 892 897 928 regium
929 891 1108 922 Pai'ifinum3

265 933 403 963 eamdem
427 942 526 964 antem
549 934 674 964 tenuisse
706 932 773 964 cod.
798 933 953 969 Sambuci,
989 942 1024 961 ex
1047 942 1106 972 quo

266 978 389 1006 Canteri
421 976 541 1015 editio,
591 980 623 1007 in
659 987 717 1018 qua
753 975 846 1005 multa
884 974 1106 1010 desiderentur,

266 1021 398 1060 quaein
428 1019 584 1049 codicibus
612 1021 801 1061 reperiantur
831 1017 1027 1054 melioribus,
1072 1019 1105 1047 fit

267 1061 409 1103 expressa.
467 1061 551 1094 Idem
582 1062 689 1099 docet,
729 1060 868 1092 accidisse
905 1060 1103 1090 librariorum

264 1105 401 1141 incuria,
445 1113 477 1135 vt
501 1107 533 1135 in
556 1107 710 1146 Vtriusque
733 1105 913 1136 recensionis
937 1102 1105 1139 codicibus,

265 1146 390 1178 diuersis
412 1155 512 1178 tamen
534 1148 626 1185 locis,
648 1148 839 1189 transpositio
863 1148 1040 1188 paginarum
1063 1145 1108 1175 sa-

266 1191 312 1220 &a
336 1192 387 1229 fit,
433 1193 486 1228 ita,
520 1199 553 1221 vt
575 1193 642 1221 vice
665 1191 749 1221 versa
771 1200 830 1220 vna
851 1190 982 1218 recensio
1007 1198 1042 1217 ex
1064 1187 1106 1217 al-

265 1239 329 1262 tera
353 1234 386 1263 fit
409 1233 605 1263 emendanda.
627 1250 671 1258 —-
714 1236 809 1264 Porro
835 1234 873 1264 V.
902 1234 937 1261 D.
969 1233 1001 1260 in
1032 1230 1105 1259 obss.

265 1274 389 1305 miscell.
413 1276 496 1314 Belg.
520 1276 539 1306 l.
564 1288 588 1306 c.
613 1287 679 1318 pag.
703 1286 768 1314 ¹94·
791 1274 850 1316 sqq.
876 1275 1002 1309 notauit,
1026 1272 1105 1314 apud

264 1317 432 1350 Cantcrum
461 1329 528 1361 pag.
551 1329 595 1348 10.
618 1318 705 1348 versu
728 1328 777 1353 24.
802 1318 971 1355 elegantem
994 1317 1105 1345 exstare

264 1361 437 1402 Porphyrii
469 1364 500 1391 ἐκ
530 1363 567 1390 τέ
594 1363 653 1402 περὶ
679 1360 760 1398 ςυγδς
790 1359 1010 1397 fragmentum,
1054 1357 1104 1387 sed

265 1404 424 1435 mutilum:
446 1405 478 1434 id
501 1406 651 1442 integrum
675 1404 749 1434 olim
775 1414 810 1433 ex
833 1402 902 1433 cod.
935 1401 1011 1432 Ant.
1038 1401 1104 1431 Au-

263 1448 379 1489 gastim·
401 1449 532 1490 primum
555 1447 721 1477 exhibuisse
743 1446 844 1477 Andr.
867 1444 1026 1478 Sclzottum
1049 1443 1104 1473 lib.

265 1494 302 1522 V.
326 1490 486 1520 obser-uait.
509 1490 709 1520 humanarum
732 1500 787 1531 cap
822 1491 885 1519 XX.
915 1499 945 1529 p.
970 1497 1037 1524 229.
1061 1486 1104 1527 sq.

263 1532 314 1563 sed
337 1532 478 1563 mendose
502 1531 682 1566 admoduim
726 1532 911 1569 emendatius
934 1540 1007 1561 vero
1030 1529 1106 1560 Luc.

263 1576 449 1618 Holstenium
480 1586 515 1605 ex
539 1575 605 1607 cod.
637 1577 785 1606 Vaticano
823 1574 885 1615 (de
914 1584 973 1614 qno
1005 1580 1104 1602 tamen

264 1630 294 1650 v.
317 1619 404 1660 supra
426 1618 618 1658 obseruata,)
657 1620 771 1648 Romae
796 1623 876 1654 1630.
900 1615 971 1645 inde
1005 1616 1105 1656 postea

263 1665 426 1703 repetitum
450 1661 508 1691 effe
531 1661 568 1690 ab
591 1659 712 1690 erudito
736 1660 853 1698 Anglo,
893 1658 1105 1695 cantabrigiae

264 1710 341 1741 1655.
365 1711 391 1737 8.
423 1706 454 1733 in
478 1703 658 1733 colle-&ione
689 1703 837 1732 librorum
866 1700 1041 1740 Porphyrii
1069 1700 1106 1730 de

264 1748 443 1778 abstinentia
464 1747 500 1776 ab
533 1746 730 1782 animalibus,
771 1745 807 1775 de
830 1747 893 1775 vita
921 1746 1105 1781 Pythagorae

263 1798 321 1822 etc.
350 1800 417 1831 pag.
447 1796 510 1823 282.
539 1789 580 1831 sq.
627 1792 712 1819 Hanc
742 1789 789 1818 ed.
814 1788 953 1819 Cantabr.
977 1786 1107 1818 contulit

263 1833 346 1865 idem
370 1836 408 1864 V.
432 1835 468 1862 D.
494 1843 559 1862 cum
590 1831 658 1861 cod.
690 1833 859 1870 Augustano
890 1839 919 1859 et
947 1830 1046 1872 plui-cs
1068 1830 1104 1859 il-

265 1876 323 1907 lius
346 1886 426 1905 varr.
451 1877 587 1904 enotauit
610 1874 773 1911 leetiones,
805 1883 833 1905 et
856 1876 886 1904 in
913 1876 988 1909 fine,
1018 1873 1103 1902 adhi-

265 1920 355 1954 bitis,
401 1920 461 1954 ait,
506 1919 551 1947 his
586 1917 749 1947 lefflonum
789 1917 986 1949 varietatibus
1022 1917 1101 1946 recle

265 1963 405 1992 constitui
434 1960 534 2003 posse,
578 1968 699 2001 putem,
742 1960 825 1990 illum
858 1958 1029 1999 Porphyrii
1055 1959 1105 1989 lo-

267 2016 352 2040 cum,
397 2014 485 2044 quem
511 2014 546 2032 ex
568 2002 686 2034 &Itoni
708 2003 842 2033 editione
865 2005 1004 2044 repetiit,
1049 2013 1102 2031 no-

263 2049 361 2088 tisque
384 2046 441 2076 suis
471 2046 629 2076 illustrauit
659 2047 722 2077 Iac.
757 2046 869 2077 Tollius
898 2049 930 2076 in
959 2047 1102 2075 For-ruitis

266 2101 333 2131 cap.
356 2092 490 2121 XXVIII.
514 2100 542 2129 p.
566 2097 631 2124 230.
655 2089 726 2130 sq.“
771 2088 857 2121 Conf,
887 2091 977 2118 etiam
1001 2087 1102 2130 paullo

265 2135 348 2175 post,
372 2143 417 2162 nr.
440 2142 463 2168 3.
490 2132 606 2162 Hoeren
634 2132 671 2161 de
694 2130 828 2161 fontibus
860 2132 958 2169 eclog.
992 2143 1019 2172 p.
1049 2141 1106 2160 211.

266 2176 329 2218 sqq.
362 2184 391 2205 et
418 2174 485 2205 loca
514 2176 625 2215 Porph.
656 2177 687 2203 in
716 2182 799 2204 tomo
831 2178 854 2205 Ι.
887 2185 953 2216 pag.
980 2177 1107 2214 140.11.

266 2227 342 2261 part.
368 2221 390 2248 1.
413 2222 529 2259 P·'·814-
553 2218 611 2258 sqq.
645 2228 731 2254 1004.
757 2217 815 2258 sqq.
840 2230 867 2259 p.
892 2213 1109 2254 ιδῃ-1056.

267 2279 309 2285 -
339 2260 416 2291 Add.
447 2261 514 2291 cod.
540 2260 703 2290 Hadrian.
727 2263 779 2302 qui
810 2263 841 2290 in
866 2260 1003 2297 catalogo
1028 2262 1107 2290 MSS.

267 2304 408 2334 biblioth.
433 2303 548 2334 Har-lei.
579 2302 638 2333 vol.
669 2305 705 2332 11.
737 2314 778 2332 nr.
812 2308 889 2339 6318.
922 2306 953 2333 in
984 2302 1039 2332 fol.
1069 2304 1107 2332 fic

267 2349 393 2378 citatur:
434 2346 511 2386 „Io.
528 2345 788 2389 Stobaetplzyfica
809 2357 935 2386 graeca,
973 2345 1021 2376 seu
1045 2345 1105 2376 col·

1881 663 1985 700 werp.

1148 800 1239 834 lenio
1255 799 1470 835 sentemiarmn'
1489 813 1663 842 graecarum
1685 805 1764 836 circa
1780 805 1899 848 physica
1912 816 1987 836 non·

1151 846 1223 876 dum
1254 846 1394 883 vulgata,
1438 858 1470 878 vt
1499 857 1618 878 tenatur
1647 852 1706 879 Iac.
1736 852 1782 879 Io.
1815 850 1921 879 Frilius
1949 851 1984 879 in

1150 889 1200 918 sua
1230 889 1431 925 bibliotheca,
1475 893 1528 931 qui
1558 891 1649 927 dicit,
1693 892 1804 920 exstare
1833 890 1985 931 exemplar

1151 942 1199 972 ap.
1224 931 1374 972 Rudolph.
1398 934 1604 970 Vincentium,
1628 933 1847 964 cardinalem.“
1868 951 1908 957 —
1952 936 1985 962 I‘n

1152 973 1220 1003 cod.
1245 973 1358 1004 Vensco
1388 974 1459 1004 bibl.
1487 978 1581 1006 Marc.
1605 978 1657 1017 qui
1685 978 1821 1006 continet
1847 976 1985 1008 Macarii

1148 1015 1379 1057 Clnffsbcaeplmli
1398 1014 1547 1054 Ῥοδωνιοῖν,
1571 1028 1639 1059 pag.
1664 1029 1720 1056 ¹¹4-
1743 1020 1813 1055 rce'l.
1835 1014 1986 1062 reperitur

1146 1058 1264 1094 Ἐκλογῇ
1279 1062 1309 1087 ἐκ
1321 1061 1366 1092 τ’ἧς
1383 1062 1511 1096 evase-siis
1524 1059 1626 1090 'lwoe‘vva
1643 1059 1768 1097 Στοβοᾷκ
1783 1064 1833 1091 ³5,
1855 1057 1986 1091 ἕκατῖν

1149 1102 1195 1140 »(φ)
1219 1099 1326 1131 εἴκοσι
1349 1101 1516 1141 κεφαλαίων.
1541 1115 1571 1133 v.
1595 1103 1632 1133 cl.
1651 1103 1796 1146 Villoilbn
1818 1107 1850 1135 iu
1873 1103 1986 1138 Anecd.

1149 1156 1194 1184 gr.
1218 1153 1291 1175 tom.
1316 1149 1355 1176 11.
1378 1157 1407 1186 p.
1432 1151 1478 1180 68.
1503 1148 1572 1188 qui,
1593 1146 1773 1189 sequuntur,
1795 1149 1912 1189 inquit,
1939 1159 1986 1178 v·-

1149 1198 1207 1228 qne
1229 1187 1267 1217 ad
1290 1198 1358 1230 pag.
1382 1198 1444 1225 14²·
1466 1199 1544 1219 verS.
1573 1200 1608 1220 ex
1640 1190 1759 1228 {iugulis
1787 1191 1923 1221 Stobaei*
1940 1196 1988 1220 ca-

1149 1231 1261 1272 pitibus
1284 1239 1442 1272 excerpta,
1486 1242 1562 1272 quae
1585 1243 1651 1262 cum
1675 1234 1803 1264 stobaeo
1826 1233 1892 1274 ipso
1916 1243 1987 1263 con-

1149 1275 1230 1302 ferre
1258 1272 1338 1305 {orte
1367 1284 1478 1314 operae
1507 1276 1635 1315 pretium
1666 1274 1757 1305 foret.
1808 1279 1906 1316 Atque
1929 1275 1984 1306 cel.

1148 1315 1271 1346 Morcll.
1294 1318 1325 1344 in
1349 1316 1420 1345 bibl.
1445 1327 1488 1353 gr.
1511 1324 1541 1346 et
1562 1316 1613 1347 lat.
1636 1320 1718 1348 MSta
1746 1328 1814 1359 pag.
1836 1324 1894 1354 3¹8·
1924 1317 1986 1360 sqq.

1148 1358 1200 1388 vbi
1224 1357 1361 1387 eumdem
1384 1358 1451 1389 cod.
1473 1359 1615 1396 recenset,
1635 1391 1639 1394 ,
1660 1360 1851 1402 scriptorum,
1881 1371 1900 1390 a
1922 1363 1986 1391 Sto-

1148 1400 1224 1430 baco
1248 1403 1463 1438 excitatorum,
1509 1404 1691 1433 nomina·'et
1718 1400 1877 1433 sententias
1898 1403 1986 1434 aliter

1149 1453 1183 1472 ac
1212 1454 1438 1484 nonnumquam
1473 1444 1677 1482 emendatius,
1720 1456 1809 1487 quam
1843 1448 1875 1475 in
1904 1452 1985 1477 textu

1149 1484 1292 1523 vulgato,
1341 1486 1398 1516 esse
1435 1489 1546 1528 posita,
1592 1498 1628 1518 ex
1664 1487 1852 1520 sermonibus
1886 1496 1986 1519 tamen

1148 1528 1197 1558 seu
1225 1529 1372 1570 capitibus
1402 1533 1518 1561 CXXII.
1556 1529 1714 1561 sententias
1744 1541 1850 1569 reuera
1878 1531 1987 1562 sumtas

1149 1570 1224 1607 effe,
1269 1571 1386 1612 aliaque
1410 1580 1514 1602 notatu
1538 1572 1628 1610 digna
1651 1574 1792 1612 adnotat,
1837 1581 1866 1604 et
1888 1576 1987 1605 varias

1150 1613 1293 1654 quasdam
1317 1612 1414 1644 adfert
1436 1615 1589 1646 leeliones.
1618 1631 1659 1639 --
1689 1619 1731 1647 Ex
1751 1615 1836 1651 ’Ῐωνιοζὶ
1850 1616 1987 1658 Arscm'c',

1150 1657 1180 1685 h.
1202 1667 1228 1685 e.
1249 1656 1428 1687 colleffione
1450 1659 1704 1699 prouerbiorum,
1748 1661 1986 1701 apophthegma-

1150 1706 1213 1729 tum
1237 1706 1266 1729 et
1288 1699 1513 1737 sententiarum,
1537 1711 1571 1731 ex
1588 1704 1680 1732 variis
1702 1701 1986 1739 auctoribus-fasta,

1149 1743 1291 1772 Stobaeus
1322 1742 1433 1773 dicitur
1458 1744 1540 1785 posse
1568 1743 1704 1785 pluribus
1732 1744 1808 1776 locis
1837 1745 1986 1788 suppleri:

1149 1787 1233 1815 cuius
1255 1785 1322 1817 cod.
1346 1788 1435 1816 exstat
1455 1785 1602 1827 Mosquae
1625 1789 1656 1817 in
1680 1787 1749 1818 cod.
1773 1790 1810 1819 X.
1844 1796 1874 1820 et
1904 1799 1987 1818 com—

1148 1828 1306 1858 mendatur
1327 1838 1344 1857 a
1366 1828 1404 1860 cl.
1429 1830 1584 1860 Matthaei
1614 1831 1645 1860 in
1675 1838 1738 1860 not.
1768 1830 1856 1862 codd.
1885 1829 1984 1872 Mosq.

1147 1881 1214 1912 pag.
1239 1882 1282 1909 ¹4·
1305 1871 1346 1913 sq.
1369 1871 1438 1902 add.
1461 1872 1565 1914 snpra,
1587 1872 1650 1903 vol.
1671 1875 1694 1904 1.
1724 1885 1753 1916 p.
1777 1882 1849 1912 744.
1895 1873 1987 1908 Harl.

1189 1955 1239 1991 bb)
1263 1955 1342 1988 Vide
1358 1957 1505 1998 Holstenii
1520 1959 1601 1999 epist.
1628 1957 1665 1989 ad
1688 1958 1829 1991 Lambec.
1853 1959 1908 1990 lib.
1931 1963 1984 1993 vi.

1146 1999 1183 2029 de
1199 1999 1273 2035 bibl,
1290 2000 1424 2034 Vindob.
1439 2013 1467 2043 p.
1489 2005 1558 2032 266.

1195 2085 1241 2127 cc)
1265 2086 1420 2115 Subiunxit
1435 2089 1577 2117 Canterus
1593 2088 1682 2117 etiam
1706 2097 1741 2117 ex
1755 2088 1888 2119 eiusdem
1905 2090 1984 2119 Sam-

1151 2129 1221 2159 buci
1238 2128 1422 2158 bibliotheca
1438 2131 1592 2158 orationes
1605 2129 1677 2160 duas
1692 2131 1815 2173 Gemtsti
1826 2130 1987 2163 Pleelionis

1153 2172 1190 2201 de
1211 2172 1299 2201 rebus
1324 2170 1599 2213 Peloponneflacis,
1637 2185 1704 2204 cum
1721 2173 1813 2203 latina
1836 2176 1984 2211 vei-fiune,

1154 2223 1182 2244 et
1206 2225 1310 2252 graece
1332 2213 1484 2255 δικγραφῆν
1505 2214 1699 2256 Peloponnefi
1715 2215 1900 2247 ePtolemaei
1914 2227 1985 2255 geo-

1153 2258 1298 2299 graphia,
1319 2267 1347 2287 et
1362 2258 1494 2287 eiusdem
1507 2257 1666 2289 Plea'lzonis
1691 2258 1801 2289 librum
1824 2258 1862 2288 de
1882 2261 1988 2290 Virtu-

1153 2302 1230 2330 tibus
1248 2300 1352 2330 itidem
1370 2311 1474 2338 graece
1496 2308 1619 2332 tantum.
1664 2301 1720 2332 Sed
1738 2300 1776 2332 de
1793 2302 1841 2334 his
1863 2301 2001 2334 diceudi'

1149 2343 1233 2374 locus
1252 2342 1330 2375 infra
1349 2346 1381 2375 in
1402 2345 1543 2375 Gemisto.
2022 2372 2023 2377 ,
