2023 2656
20 182 83 213 vol.
99 183 151 210 lx-
164 191 188 217 p.
199 189 230 218 37

424 184 709 222 SCRIPTORES
735 185 798 221 DE
827 183 1021 220 SANCTIS
1047 185 1202 221 OCCID.
1295 185 1367 221 Lib.
1386 185 1431 222 V.
1460 198 1483 221 c.
1499 185 1644 224 XXIX.
1697 201 1749 235 ¹53

121 283 223 318 varias
239 279 369 317 Adonis
381 280 614 330 martyrologii
630 278 801 317 editiones.
828 281 916 316 Sixt.
942 298 993 312 -ι-
1044 277 1128 315 Add.
1152 276 1247 328 supra
1271 277 1486 327 §.XV11.13.
1521 301 1569 310 —-
1622 284 1744 321 Zacha.

118 337 187 370 rias
207 337 241 370 in
256 333 455 370 Bibliotheca
470 332 673 376 pistoriensi,
701 331 795 382 supra
808 330 938 368 laudata
958 344 1034 381 pag.
1051 337 1106 377 98,
1121 329 1190 381 sqq.
1218 334 1262 366 ita
1278 332 1418 368 contulit
1432 332 1508 369 cod.
1525 345 1599 370 mst.
1617 339 1744 373 archiui

119 384 322 422 Pistorienfis
337 385 468 434 capituli
488 398 565 422 cum
581 383 658 421 edit.
675 381 900 421 Rosweidana
921 386 955 419 in
973 383 1049 419 bibl.
1066 397 1154 420 max.
1170 385 1230 419 PP.
1252 393 1286 418 vt
1304 393 1396 419 antea
1417 399 1500 421 varr.
1523 386 1612 423 lectt.
1636 388 1741 425 libelli

118 435 159 473 de
173 437 407 484 festiuitatibus
421 439 477 474 SS.
496 436 742 484 Apostolorum,
774 439 830 485 qui
853 434 1101 484 martyrologio
1116 434 1329 484 praefigitur,
1356 435 1449 484 quod
1463 436 1503 472 de
1518 439 1616 474 natali
1632 440 1741 476 beato-

109 502 185 524 rum
196 487 425 538 apostolorum
435 491 519 525 Petri
535 487 675 524 etPaulli
693 486 750 523 sub
760 490 892 524 tertium
901 484 1038 523 calend.
1049 487 1122 522 Iulii
1138 486 1260 536 legitur
1269 499 1319 535 ap.
1334 487 1569 532 RosWeidum,
1596 494 1743 540 primum

112 540 294 577 lediionem
317 539 604 582 Rosxveidianam,
641 538 718 574 dein
741 539 808 574 alio
831 539 1016 575 charad'tere
1038 538 1219 574 lectionem
1244 536 1369 574 codicis
1399 538 1600 588 adponeret:
1626 552 1698 578 tum
1721 557 1741 579 a

113 605 189 642 pag.
207 595 365 635 101-136.
392 606 451 641 per
467 590 614 641 fingulos
632 589 698 626 dies
713 591 867 626 omnium
885 588 1060 633 mensium,
1089 589 1190 626 ducto
1207 591 1302 626 initio
1317 603 1334 625 a
1349 591 1420 626 Cal.
1440 595 1593 634 Ianuarii,
1618 598 1739 643 partim

110 653 286 687 moneret,
316 645 370 679 vbi
391 641 498 680 codex
519 653 616 692 atque
638 641 741 678 editio
757 639 980 683 concordant,
1007 644 1127 689 partim
1148 654 1284 685 omnes,
1312 644 1411 678 etiam
1421 641 1588 689 leuiores,
1614 644 1738 682 codicis

112 694 293 735 lectiones,
318 696 358 731 ab
372 693 465 731 editis
480 693 717 745 discrepantes,
743 691 898 730 adferret.
924 694 1024 730 Harl.

12 778 161 827 Vficarili
178 782 336 816 monachi
367 782 398 816 S.
420 782 579 817 Germani
599 778 640 816 de
661 781 762 816 Pratis
785 779 1069 828 martyrologium
1093 776 1135 816 ad
1157 779 1322 816 carolum
1347 779 1493 816 Caluum
1514 783 1600 818 eirca
1615 794 1643 819 a.
1665 789 1737 828 875.

110 831 201 881 quod
219 831 395 868 nouissime
410 846 449 867 ex
470 831 559 881 ipso,
586 842 621 867 vt
633 845 705 868 non
724 830 890 873 dubitant.
918 831 1073 873 Vsuardi,
1101 830 1193 882 quod
1209 830 1354 872 seruant,
1390 835 1601 883 autographo
1624 833 1737 884 vulga-

110 894 228 920 verunt
244 882 447 920 Beneditstini
470 882 564 919 Paris.
580 890 665 928 1718.
680 895 713 927 4.
739 882 814 933 post
842 882 1004 920 editiones
1027 887 1137 919 minus
1160 883 1299 919 sinceras
1322 883 1523 920 Lubecenses
1549 899 1578 920 a.
1594 897 1686 930 1475.
1703 898 1736 929 4.

106 932 276 974 subtitulo
293 936 464 971 rudimenti
478 938 672 972 nouitiorum
687 945 719 971 et
736 947 831 981 1490.
846 946 879 979 4.
905 934 964 972 sub
985 939 1034 971 tit.
1058 935 1231 971 doffrinale
1253 938 1442 971 clericorum.
1493 936 1660 986 Belgicam
1681 937 1738 973 sub

109 990 157 1022 tit.
173 988 285 1023 Iacobi
301 986 340 1022 de
358 990 528 1036 Voragine
548 989 690 1032 1480.²)
717 985 936 1023 Colonienses
954 999 1050 1032 1490.
1066 984 1128 1022 fol.
1161 997 1193 1022 et
1214 1001 1290 1023 cum
1316 989 1460 1023 Greueni
1484 989 1630 1024 auc'tario
1656 999 1735 1033 1515,

110 1050 156 1073 12.
179 1051 257 1084 ¹52¹·
273 1050 303 1081 4.
316 1042 345 1084 ⁹)
377 1042 539 1074 Venetam
556 1038 612 1075 sub
631 1041 675 1074 tit.
694 1040 840 1074 Romani
859 1038 1095 1087 martyrologii
1113 1037 1240 1074 editore
1254 1038 1383 1074 Bellino
1401 1053 1419 1074 a
1434 1038 1559 1078 Padua,
1582 1040 1738 1089 Augusti-

108 1093 210 1127 niano
230 1096 321 1135 1498.
349 1092 558 1132 Patauinam,
587 1090 708 1126 eodem
731 1089 858 1125 Belliuo
878 1089 1005 1125 editore
1029 1102 1119 1134 1500.
1151 1089 1360 1125 parisiensem
1385 1102 1464 1135 1521,
1499 1094 1640 1127 Venetas
1660 1092 1737 1127 alias

112 1153 200 1188 1509.
220 1153 300 1187 1517-
318 1152 408 1187 1549.
433 1152 566 1178 curante
581 1143 678 1177 Alex.
695 1143 871 1191 Peregrino
885 1142 992 1189 presb.
1011 1141 1179 1178 Brixienfi.
1232 1140 1443 1177 parisiensem
1467 1145 1599 1178 Ioannis
1615 1145 1736 1180 Mune-

108 1196 167 1230 rati
185 1195 278 1238 1536.
331 1203 362 1227 et
385 1206 463 1242 quas
478 1206 555 1229 cum
572 1196 660 1228 notis
677 1191 810 1227 edidere
825 1195 875 1227 Io.
893 1194 1048 1228 Molanus
1063 1194 1204 1228 Louanii
1221 1195 1308 1237 1568.
1332 1199 1363 1232 8.
1404 1194 1576 1242 Antwerp.
1595 1200 1680 1239 1583.
1701 1202 1735 1236 8.

108 1246 308 1281 Laurentius
323 1245 360 1279 de
381 1244 410 1278 la
429 1246 534 1279 Bam
557 1246 591 1278 in
613 1243 746 1279 historia
767 1242 938 1278 christiana
966 1252 1114 1279 veterum
1136 1253 1287 1292 patrum,
1331 1242 1425 1280 Paris.
1442 1251 1526 1289 1583.
1547 1243 1607 1280 fol.
1630 1255 1662 1281 et
1687 1247 1738 1282 Io.

104 1295 257 1342 Baptista
271 1296 411 1331 Solerius
427 1297 458 1330 S.
475 1296 500 1329 1.
518 1297 690 1343 Antxverp.
710 1304 796 1338 1714.
817 1290 878 1330 fol.
905 1307 951 1330 m.
967 1294 1042 1330 Iun.
1066 1303 1149 1330 10111.
1166 1295 1224 1333 VI,
1241 1304 1273 1330 et
1287 1296 1362 1330 V11.
1397 1298 1547 1331 maximo
1569 1294 1677 1332 studio
1701 1300 1738 1334 in

106 1348 174 1384 hoe
189 1345 340 1383 versatus.
392 1347 582 1382 Romanam
598 1349 719 1396 pariter
737 1355 769 1380 et
777 1345 952 1387 Gallicam,
967 1344 1154 1395 multasque
1168 1345 1245 1381 alias
1259 1344 1409 1382 eeclesias
1422 1360 1482 1397 per
1495 1347 1640 1398 longum
1656 1358 1738 1385 tem-

105 1411 167 1448 pus
184 1398 251 1434 vsas
266 1400 333 1435 hoe
347 1395 482 1435 Vsuardi
499 1397 767 1446 martyrologio,
794 1408 911 1433 monet
926 1399 974 1433 Io.
990 1399 1159 1433 Launoim
1174 1401 1208 1433 in
1223 1394 1326 1447 praef.
1342 1397 1385 1433 ad
1408 1396 1568 1435 iudicium
1592 1398 1633 1435 de
1653 1412 1738 1437 con-

103 1449 262 1487 trouerfia
277 1448 371 1499 super
386 1447 600 1486 exscribendo
614 1446 798 1485 Pax-ifienfis
813 1448 966 1485 ecclesiae
980 1450 1238 1499 martyrologio.
1263 1448 1358 1485 Paris.
1376 1451 1461 1494 1671.
1480 1457 1513 1491 3.
1540 1454 1597 1501 qui
1612 1464 1685 1501 pag.
1702 1458 1735 1493 8,

106 1505 206 1537 etiam
225 1500 533 1551 Rothomagensem
547 1499 730 1537 editionem
744 1498 883 1536 Vsuardi
903 1515 931 1537 a.
948 1512 1035 1546 1505.
1063 1499 1387 1544 faciam'memorat,
1415 1512 1447 1539 et
1461 1515 1536 1551 pag.
1555 1515 1623 1549 129.
1642 1514 1736 1540 notat

106 1556 286 1598 Lamwius,
305 1554 538 1589 Romanorum
552 1551 836 1601 martyrologium
853 1550 916 1589 effe
932 1551 1106 1601 ipsummet
1116 1551 1254 1588 Vsuardi
1269 1554 1550 1602 martyrologium
1563 1559 1735 1592 minutum

105 1616 138 1642 et
153 1608 314 1642 variatum
330 1607 364 1641 in
383 1605 495 1654 paucis
515 1614 546 1640 et
563 1605 697 1640 austum
721 1604 754 1638 in
776 1603 935 1652 pluribus.
962 1605 1062 1639 Fabr.
1086 1623 1138 1630 —
1189 1607 1242 1641 De
1261 1607 1355 1641 variis
1377 1607 1473 1642 huius
1497 1607 1736 1657 martyrologii

106 1656 310 1694 editionibus
330 1659 395 1702 egit
410 1668 544 1706 quoque
558 1655 669 1691 noster
681 1655 844 1690 Fabricius
861 1658 894 1691 in
908 1656 1015 1691 libro:
1042 1654 1194 1691 Salutaris
1208 1655 1266 1692 lux
1284 1657 1463 1705 euangelii,
1488 1671 1507 1693 e
1521 1660 1638 1707 quibus
1652 1662 1734 1695 emi·

104 1720 197 1746 ment
217 1721 295 1757 prae
318 1709 450 1757 reliquis
487 1712 518 1747 1)
543 1705 646 1742 editio
667 1705 716 1742 Io.
736 1708 839 1752 Bapt.
861 1708 995 1743 Sollerii.
1032 1719 1062 1745 v.
1083 1708 1269 1743 Memoires
1292 1706 1334 1742 de
1356 1709 1520 1745 Trevoux
1539 1721 1625 1753 1714.
1650 1713 1732 1749 Dec.

101 1774 176 1810 pag.
194 1761 293 1799 2086.
321 1760 403 1795 Acta
421 1757 537 1797 erudit,
553 1769 639 1803 ¹725·
660 1770 735 1807 pag.
750 1769 825 1801 473.
852 1757 1081 1807 Unsehuldige
1095 1759 1339 1801 Nachrichten,
1366 1772 1394 1795 a.
1416 1771 1498 1804 1715.
1522 1774 1555 1809 p.
1571 1767 1655 1804 1¹38·
1683 1780 1733 1789 —-

104 1816 140 1855 2)
166 1811 267 1848 editio
291 1824 309 1846 a
328 1813 440 1847 Iatobo
460 1812 643 1853 Bouillart‚
679 1823 757 1846 cum
781 1810 899 1847 titulo:
940 1810 1260 1861 San-Germanmfis
1285 1812 1426 1847 monachi
1447 1814 1733 1862 martyrologium

1568 1863 1734 1901 sincerum

47 1964 88 2005 x)
109 1963 223 2005 [Aliam
249 1963 478 2006 Martyrologii
502 1962 639 2006 Vsuara'i
660 1964 733 1995 edit.
759 1972 843 1995 vetu-

7 2009 75 2038 stam
92 2008 240 2038 recensuit
256 2009 300 2040 Io.
318 2009 410 2048 Bapt.
426 2008 618 2051 Audifrcdus
632 2011 661 2038 iu
673 2010 843 2050 Specimine

7 2051 174 2082 editionum
199 2052 369 2081 italicarum
388 2051 496 2082 saeculi
513 2053 578 2082 XV.
601 2054 740 2091 (Romae
758 2061 843 2089 1794.

9 2096 77 2124 uiai.
93 2095 144 2135 4.)
167 2105 234 2136 pag.
251 2105 317 2132 299.
341 2097 375 2124 In
391 2094 473 2124 calce
490 2094 616 2132 legitur:
646 2115 667 2130 ‚‚
677 2096 745 2126 Hoc
766 2105 842 2136 opus

8 2137 164 2175 diligentia
181 2139 439 2176 DominiGeorgii
457 2139 575 2168 autouii
592 2137 725 2179 uespucii
742 2140 842 2167 cathe-

7 2181 98 2211 dralis
123 2180 264 2210 ecclcsiae
287 2182 466 2211 florentinae
498 2182 661 2223 praepositi
684 2179 843 2211 emendam

10 2224 214 2264 correciuque.
238 2223 416 2265 Impressnm
434 2225 475 2254 est
485 2224 637 2254 Flos-enne
656 2234 709 2266 per
724 2225 845 2266 presby.

8 2275 104 2298 terum
132 2267 320 2297 Franciscum
343 2267 380 2296 de
402 2267 604 2298 bonaccursus
628 2271 715 2298 Anno
737 2284 778 2291 —
800 2269 843 2298 M.

7 2312 113 2341 CCCC.
131 2311 289 2340 Lxxxvt.
312 2311 430 2348 (1486.)
454 2321 483 2347 4.
529 2312 634 2341 Priora
653 2310 729 2340 solia
747 2312 842 2340 couti-

0 2361 78 2383 Ἰ110111
92 2355 148 2382 tria
165 2353 344 2384 catmdaria
355 2363 366 2384 .·
389 2352 551 2395 sequuntur
566 2355 716 2383 Croinarii
739 2362 767 2384 et
783 2356 846 2384 He-

6 2394 119 2426 liodori
134 2395 260 2437 epistola
273 2396 309 2426 ad
328 2398 548 2432 Hieronymum
568 2404 597 2428 et
615 2397 705 2428 huius
720 2395 844 2439 respon·

49 2462 117 2495 Vnt.
132 2462 176 2494 X.

888 1966 949 1999 1303
972 1963 1042 1996 dein
1060 1962 1234 2007 praefatio,
1258 1975 1335 2006 quae
1355 1967 1387 1995 in
1409 1964 1546 2007 pluribus
1569 1965 1654 1996 libris
1679 1965 1731 1996 ad.

887 2009 1029 2040 scribitur
1045 2008 1145 2040 Bedae
1160 2008 1248 2049 super
1266 2019 1358 2050 opere
1373 2009 1607 2047 Martyrologii3
1629 2011 1732 2051 postea

888 2051 1013 2094 epistola
1030 2052 1051 2081 s.
1067 2050 1217 2094 praefatio
1228 2050 1356 2081 Vsum-di
1374 2053 1516 2081 monachi
1535 2052 1571 2082 ad
1586 2052 1730 2083 Kar-olum

887 2105 989 2133 regem
1017 2094 1106 2136 super
1134 2105 1227 2136 opere
1259 2095 1450 2134 Mar-tylogii
1477 2094 1571 2136 (fic).
1617 2097 1731 2137 Incipit

887 2137 997 2168 deinde
1012 2138 1283 2178 Mat-tyrotogium
1298 2138 1414 2179 ipsum,
1445 2137 1483 2167 ad
1508 2139 1592 2167 cuius
1617 2137 1730 2169 calcem

887 2181 1004 2211 adiefta
1023 2180 1088 2211 sunt
1106 2180 1267 2221 Cupitum,
1289 2191 1365 2222 quae
1389 2180 1530 2212 dicuntur
1552 2191 1606 2224 per
1633 2189 1730 2212 10111111

887 2234 1012 2259 anuum.
1034 2224 1142 2264 Harl]

929 2310 969 2351 y)
999 2311 1065 2351 [De
1087 2310 1182 2341 tribus
1205 2310 1361 2352 postremis
1383 2308 1451 2339 edd.
1479 2320 1508 2340 v.
1533 2309 1674 2341 Panzrri
1695 2311 1729 2341 A.

887 2355 930 2384 T.
957 2356 1008 2385 1x.
1026 2364 1106 2395 pag.
1124 2363 1189 2389 223.
1215 2364 1260 2382 nr.
1284 2359 1350 2386 180.
1375 2354 1404 2384 b.
1433 2352 1499 2384 vol.
1516 2355 1568 2384 VI.
1592 2360 1731 2396 pag-375·

889 2407 934 2427 nr.
952 2405 1011 2434 253·
1029 2405 1058 2427 et
1073 2406 1141 2439 pag.
1156 2403 1214 2433 385·
1236 2407 1282 2427 nr.
1300 2404 1363 2433 350·
1387 2396 1495 2436 Han]

1171 2458 1203 2491 V
