2023 2656
51 149 162 175 v01-1x-
173 157 253 184 inm
536 149 755 195 SEVERVS,
781 151 1131 187 ΑΝΤΙΟΟΗΕΝνε,
1297 149 1369 186 Lib.
1388 149 1432 186 V.
1449 160 1473 184 c.
1482 144 1666 183 XXXIII.
1716 128 1774 187 615

47 242 185 282 tercidit.
239 241 351 290 [Add.
370 245 515 292 Euagrii
529 245 575 279 H.
589 243 629 278 E.
651 242 707 279 lib.
724 243 783 279 IV.
807 257 877 293 cap.
896 255 945 280 10.
965 257 1003 282 11.
1026 258 1059 294 p.
1075 247 1145 291 356.
1164 241 1232 295 sqq.
1257 245 1380 283 lVaIch.
1395 245 1431 280 in
1443 242 1576 279 historia
1589 235 1772 276 haeresium

45 306 127 332 torn.
147 297 222 332 vn.
244 309 277 344 p.
294 302 364 336 128.
378 294 447 344 sqq.
474 293 514 330 de
530 294 763 332 controuersiis
779 295 1011 345 monophyfit.
1025 295 1084 332 sub
1099 300 1215 346 imper.
1231 297 1409 332 Iustiniano
1426 298 1535 345 primo
1550 290 1638 339 etc.]
1671 293 1772 326 Inter-

44 346 194 384 ciderunt
209 356 240 382 et
255 348 337 382 Aeta
353 345 474 393 synodi
488 345 640 383 aduersus
655 355 730 382 eum
746 346 922 384 celebratae
938 349 1043 385 CPoli
1065 364 1092 384 a.
1107 355 1173 394 318.
1199 347 1255 384 sub
1271 350 1398 384 Ioanne
1419 345 1618 397 patriarcha,
1646 342 1687 377 de
1708 350 1771 389 qua

42 402 169 435 mentio
183 401 219 434 in
231 400 364 435 afflone
379 400 420 435 V.
445 398 577 434 concilii
592 395 649 434 sub
665 401 791 434 Menna
813 414 841 435 a.
856 402 926 444 536.
987 403 1034 436 Oe
1058 404 1211 436 omnium
1232 399 1411 436 doctorum
1436 413 1454 434 a
1478 399 1566 444 Syris
1586 394 1692 430 distus
1715 390 1771 426 est·

43 464 74 490 v.
87 450 273 498 Affemann.
290 450 368 486 bibl.
388 453 503 487 orient.
527 460 608 486 tom.
627 453 667 486 11.
683 463 716 499 p.
733 462 805 494 241.
832 453 881 486 Ex
896 450 1019 501 scriptis
1033 453 1144 488 Seueri
1159 451 1277 502 ipsius,
1305 464 1388 501 quae
1405 451 1489 487 olim
1505 446 1655 484 exstitere
1669 443 1770 492 quam

40 502 202 553 plurima,
226 499 293 537 sola
309 499 378 538 sere
391 501 430 537 ad
448 515 510 538 nos
526 499 710 551 fragmenta
724 513 958 551 peruenerunt.
1010 505 1063 540 De
1078 502 1206 549 syriaco
1226 501 1424 552 scriptorum
1449 501 1561 536 Seueri
1582 499 1770 545 interprete,

6 594 7 597 Ἰ
42 556 154 590 Iacobo
169 552 343 601 Edffizo,
368 567 397 588 a.
413 555 453 590 C.
475 556 542 598 651.
569 566 600 588 v.
625 551 813 600 Affimmmi
836 554 915 590 bibl.
936 557 1054 591 orient.
1078 566 1163 591 tom.
1180 557 1205 590 1.
1223 567 1298 604 pag.
1314 556 1390 600 469.
1406 565 1482 597 474.
1499 557 1573 595 488·
1596 549 1651 584 vbi
1672 549 1770 582 emm

41 608 171 642 mentio
190 605 333 652 epistolae
346 607 460 640 Seueri
475 606 519 639 ad
531 605 692 646 Solonem,
718 604 863 652 Isauriae
871 609 1070 654 principem:
1095 604 1184 643 idern
1199 610 1300 643 etiam
1314 619 1346 655 p.
1363 617 1441 650 494.
1460 605 1514 640 vbi
1529 602 1571 638 de
1586 600 1696 636 Seueri
1711 599 1770 633 tri-

41 659 100 693 bus
113 660 206 693 t0m1'5
218 658 437 698 lwmillm'mll,
466 654 590 702 syriace
606 655 713 692 versia
765 659 820 694 De
833 658 973 701 Paullo,
1002 656 1157 708 episcopo
1172 657 1346 704 Callinici,
1382 656 1472 693 sexto
1490 652 1618 691 saeculo
1636 654 1771 686 ineunte

41 708 151 750 claro,
179 710 236 759 qui
252 706 365 744 itidem
383 708 475 756 plura
489 708 601 743 Seueri
616 706 737 754 syriace
754 711 871 753 vertit,
899 712 944 744 vti
960 723 1000 746 ex
1014 720 1094 746 nota
1112 709 1152 746 ad
1175 711 1300 747 calcem
1320 707 1442 744 codicis
1462 701 1633 743 Nitrienfis
1649 700 1770 738 XXIX-

43 760 232 809 colligitur,
258 760 372 796 locum
393 758 484 795 dedit
499 759 682 807 Affemann.
697 758 773 794 ibid.
788 770 872 796 tom.
888 763 930 800 11.
951 775 984 811 p.
999 764 1054 805 46.
1070 760 1137 811 seq.
1175 761 1270 798 Alter
1284 760 1358 812 post
1371 763 1551 803 Seuerum,
1577 753 1771 802 monophy-

42 812 177 857 fitarunj
193 810 314 848 doctor
335 815 549 860 praecipuus,
581 811 799 855 Philoxenus,
843 813 934 858 Syris
961 815 1044 849 Αἶαν
1067 814 1213 849 Xenm‘as
1233 814 1446 863 Mabuiensts:
1477 811 1544 846 eius
1570 804 1707 855 epistola
1728 799 1771 838 ad

41 865 226 901 monachos
248 876 298 914 ap.
313 862 497 910 Affemarm.
523 862 600 898 bibl.
625 867 744 899 orient.
761 865 784 898 l.
799 877 832 913 p.
851 874 928 909 479.
955 874 987 900 et
1005 874 1087 901 tom.
1102 867 1146 904 ΙΙ,
1164 879 1196 916 p,
1211 878 1258 910 23.
1273 864 1343 915 sqq,
1369 865 1423 899 vbi
1439 862 1535 912 plura
1550 859 1636 896 illius
1654 854 1770 904 scripta

41 914 266 953 recensentur:
290 924 322 951 et
337 929 354 950 a
373 929 406 964 p.
425 927 476 950 10.
502 917 572 950 eius
587 917 648 949 vita.
665 913 798 964 sataque
815 924 1016 952 enarrantur.
1041 919 1138 953 Fabr.
1167 937 1218 945 —
1269 916 1456 966 Affmiann.
1481 916 1517 949 in
1543 909 1621 948 bibl.
1643 905 1696 943 sua
1718 918 1770 941 or.

41 967 153 1004 inultis
167 968 238 1004 aliis
253 966 335 1002 locis
350 969 416 1015 agit
432 965 473 1002 de
489 968 614 1002 Seuero
631 969 855 1003 Antiocheno.
912 970 950 1003 In
965 978 1049 1005 tom.
1063 971 1164 1019 igitur
1181 972 1205 1005 Ι.
1230 982 1263 1019 p.
1279 975 1357 1013 408.
1375 969 1408 1002 in
1428 967 1589 1002 chronico
1603 957 1769 997 Edesseno

41 1020 73 1068 ᾗ.
88 1021 284 1056 LXXXVII.
307 1018 448 1054 lustinus
464 1017 602 1060 dieitur,
630 1031 717 1054 anno
734 1021 863 1067 imperii
881 1016 1026 1055 secundo
1038 1049 1048 1062 ,
1076 1024 1133 1070 qui
1151 1018 1213 1056 fuit
1235 1033 1338 1058 annus
1358 1021 1518 1055 Graecor.
1538 1008 1770 1060 oclingentesi-

40 1083 115 1108 mus
129 1070 325 1115 tricesimus,
352 1072 402 1117 (a.
421 1072 460 1106 C.
476 1082 543 1115 519.
559 1083 605 1105 m.
619 1071 706 1121 Sept.
730 1083 798 1119 quo
814 1072 912 1106 etiam
926 1073 1103 1108 Batonium
1120 1068 1231 1108 Seueri
1244 1070 1358 1120 fugam
1377 1082 1528 1109 narrare,
1561 1061 1770 1104 animaduer-

40 1125 78 1160 tit
96 1121 285 1161 Affemaun.
301 1125 336 1158 in
349 1132 428 1158 nota
442 1124 498 1167 4.)
525 1123 685 1157 Seuerum
711 1123 895 1157 Antiochia
917 1132 949 1158 et
971 1124 1125 1174 Mabugo
1147 1126 1304 1160 Xenaiain
1323 1119 1499 1172 expulisse3
1533 1116 1586 1156 sed
1601 1114 1770 1152 Ass'eman-

41 1188 102 1215 nus
117 1177 150 1210 in
166 1184 247 1211 nota
264 1177 316 1210 cit.
334 1172 505 1216 obstruat,
530 1186 618 1208 anno
657 1172 841 1209 raecedenti
856 1173 890 1209 id
904 1173 1072 1218 accidisse,
1100 1174 1264 1225 dodieque
1281 1172 1432 1224 probasse
1451 1173 1611 1221 Noristmn
1629 1171 1661 1203 in
1681 1166 1768 1200 libro

40 1224 81 1263 de
99 1239 191 1263 anno
203 1235 235 1262 et
255 1227 390 1276 epochis
403 1187 754 1268 Syro-Macedonum
778 1222 849 1261 diss.
863 1238 890 1269 3.
918 1240 988 1274 cap.
1006 1229 1036 1262 6.
1059 1238 1157 1278 atque
1185 1218 1369 1276 Eitagrium
1389 1225 1446 1260 lib.
1463 1225 1522 1259 IV.
1548 1234 1616 1270 cap.
1633 1219 1695 1256 IV.
1721 1214 1769 1250 di-

38 1277 121 1316 serte
133 1276 288 1318 scribere,
313 1276 476 1313 lustinum
491 1279 603 1325 primo
616 1278 746 1326 imperii
764 1289 854 1312 anno
866 1276 1004 1319 iussisse,
1032 1281 1189 1316 Seuerum
1207 1274 1465 1328 comprehendi3
1492 1271 1698 1319 Dionysium
1713 1266 1769 1302 de·

40 1343 136 1367 mum
151 1328 276 1372 testari,
303 1331 414 1364 Seueri
433 1326 679 1376 depositionem
704 1341 734 1362 a.
755 1329 961 1364 Graecorum
979 1336 1049 1374 829,
1072 1331 1194 1367 Christi
1210 1337 1275 1375 318.
1299 1330 1462 1378 peractam
1489 1323 1601 1361 fuisse:
1642 1329 1770 1369 praeter

40 1396 78 1419 ⁶²
94 1380 204 1418 12¹³d³t
223 1381 366 1430 pagium
392 1394 420 1416 ³·
435 1386 500 1423 518·
526 1391 576 1415 ΗΓ·
591 1392 620 1424 7·
643 1388 675 1414 et
697 1390 765 1424 519·
787 1392 837 1417 ¹¹¹⁴·
854 1391 900 1423 Ι7·
926 1399 977 1406 —-
1030 1379 1124 1418 Idem
1138 1381 1319 1428 Affemmm.
1335 1385 1368 1415 in
1386 1389 1468 1414 tom.
1483 1377 1526 1412 11.
1544 1379 1575 1410 in
1592 1372 1662 1409 d3ss'.
1680 1382 1770 1419 prae-

40 1434 107 1470 fixa
123 1431 165 1469 de
178 1431 435 1481 Monophysitis
453 1428 514 1466 fol.
529 1432 560 1466 d.
586 1429 747 1480 quaedam
762 1428 803 1466 de
817 1431 998 1468 Seuerianis
1012 1432 1120 1468 tradit.
1164 1423 1211 1468 'In
1228 1431 1295 1482 ipsa
1313 1432 1510 1467 bibliotheca
1527 1425 1602 1463 ibid.
1621 1437 1695 1475 pag.
1716 1433 1768 1466 54.

0 1499 1 1511 ¹
40 1498 81 1522 ex
96 1483 174 1521 loco
190 1486 342 1525 loannis,
369 1482 477 1518 Telae
496 1479 640 1531 episcopi
660 1482 821 1531 aequalis,
855 1492 1011 1524 notatur,
1046 1485 1207 1520 Seuerum
1223 1497 1241 1519 e
1263 1485 1328 1518 vita
1350 1479 1500 1531 migrasse
1519 1493 1547 1513 a.
1563 1480 1768 1513 Graecorum

31 1541 121 1582 849.
138 1534 169 1572 d.
185 1535 281 1571 v111.
300 1535 395 1571 Febr.
409 1543 440 1569 et
456 1534 615 1568 Ioannem
630 1533 727 1569 illum
743 1530 876 1569 edidisse
890 1544 1001 1570 cantus
1016 1533 1162 1581 syriacos
1176 1534 1217 1571 de
1233 1536 1400 1571 natiuitate
1417 1534 1575 1576 Domini,
1599 1538 1629 1564 et
1646 1526 1687 1561 de
1704 1526 1770 1559 lau-

42 1588 139 1625 dibus
155 1588 271 1623 Seueri
290 1586 505 1624 Antiocheni‚
533 1597 655 1634 eosque
670 1582 793 1620 exstare
818 1586 851 1619 iu
873 1585 948 1621 cod.
965 1585 1130 1623 Clement.
1145 1589 1247 1624 Vatic.
1263 1588 1336 1623 XV.
1356 1599 1431 1635 pag.
1447 1596 1511 1628 321.
1535 1582 1575 1618 de
1603 1579 1766 1614 chronico

40 1641 195 1688 Gregorii
211 1638 448 1683 Bar-hebraei,
470 1639 554 1672 inter
567 1635 627 1671 alia
647 1634 688 1671 de
708 1633 786 1684 fuga
802 1634 942 1686 fatisque
956 1640 1067 1675 Seueri
1082 1648 1251 1680 narratur,
1283 1652 1358 1674 cum
1382 1633 1535 1685 scripsisse
1560 1630 1767 1669 Philalesllem

38 1701 70 1729 et
85 1692 226 1728 Zenonis
241 1691 398 1726 chotica
412 1691 661 1736 interpretatum
680 1684 762 1729 esse,
788 1696 838 1729 et,
872 1688 1027 1732 tandem,
1058 1691 1231 1740 postquam
1253 1689 1285 1727 se
1308 1688 1506 1725 Alexandria
1527 1684 1711 1721 contulerat
1732 1684 1767 1715 in

39 1744 152 1780 vrbem
168 1744 292 1790 regiam
304 1768 315 1782 ‚
342 1739 444 1778 fretus
459 1737 667 1776 Theodorae
681 1741 895 1786 imperatricis
909 1745 1119 1790 patrocium,
1153 1741 1289 1778 denium
1313 1739 1468 1777 sententia
1486 1737 1629 1788 Agapcti
1651 1744 1764 1783 papae,

39 1795 197 1845 Byzantio
217 1790 363 1829 eiefflum
374 1822 384 1835 ‚
406 1795 442 1827 in
454 1796 648 1839 Aegyptum
663 1788 840 1837 reuertisse,
859 1806 896 1827 ac
914 1795 1071 1829 monachi
1087 1792 1192 1842 specie
1208 1793 1334 1829 tamdiu
1346 1788 1517 1831 delituisse,
1544 1788 1651 1823 donec
1666 1784 1766 1820 Alex-

41 1845 174 1884 andriae
187 1842 357 1881 interiisset
375 1843 430 1880 die
444 1851 496 1886 28.
513 1843 606 1879 Febr.
624 1845 701 1877 anni
717 1844 922 1879 Graecorum
942 1851 1015 1889 850.
1038 1859 1067 1882 a.
1083 1845 1202 1882 Christi
1219 1857 1291 1891 539.
1334 1843 1396 1879 Sed
1420 1841 1603 1890 Aſj'cmaniz.
1626 1841 1659 1872 iu
1687 1845 1766 1871 nota

41 1898 155 1940 docet,
182 1910 259 1933 eum
276 1910 303 1932 a.
316 1897 396 1932 Chr.
413 1907 482 1941 542.
499 1907 569 1930 non
586 1905 654 1939 539.
672 1892 812 1943 periiss'e.
863 1894 949 1931 Add.
974 1910 1004 1945 p,
1027 1909 1099 1940 327,
1124 1895 1165 1933 de
1188 1897 1302 1933 nostro
1321 1898 1463 1937 semu-03
1498 1902 1530 1928 et
1557 1890 1668 1925 multis
1693 1887 1767 1923 aliis

39 1951 121 1988 locis
137 1950 354 1984 nominantur
371 1950 462 1994 Syri,
491 1962 508 1982 a
524 1947 641 1995 quibus
655 1947 742 1981 varia
760 1945 870 1982 Seueri
892 1959 993 1995 opera
1014 1952 1167 1984 citantur.
1195 1969 1243 1975 —
1296 1951 1331 1983 In
1349 1957 1431 1982 tom.
1449 1948 1506 1981 111.
1530 1952 1610 1992 part.
1629 1954 1652 1975 ι.
1669 1952 1699 1988 p.
1716 1951 1763 1983 ¹9-

39 2006 76 2040 in
92 2011 163 2039 not.
180 1999 311 2036 testatur
327 1999 511 2047 Affimcmn.
528 1997 558 2033 se
572 2001 607 2032 in
623 1995 775 2033 biblioth.
791 1999 947 2033 coenobii
963 1999 1120 2036 scetenfis
1141 2002 1172 2036 S.
1188 2002 1312 2037 Mariae
1328 2000 1495 2045 Syrorum
1513 1999 1544 2030 in
1561 1991 1686 2028 deserto
1707 1993 1767 2027 Ni·

37 2050 152 2090 triensi
167 2047 278 2087 vidisse
294 2051 369 2088 cod.
385 2048 608 2099 peruetustum
625 2045 806 2094 syriacum,
843 2053 898 2098 qui
920 2053 1005 2087 inter
1025 2051 1087 2087 alia
1108 2052 1211 2087 multa
1234 2049 1513 2100 complectebatur
1536 2049 1637 2081 vitam
1661 2043 1767 2079 Seueri

34 2105 248 2154 patriarchae.
281 2123 323 2129 —
377 2101 461 2138 lbid.
476 2116 509 2151 p.
526 2102 590 2143 167.
610 2103 642 2136 in
657 2110 735 2136 nota
751 2113 791 2136 ex
804 2103 881 2137 cod.
895 2099 1022 2145 syriaco
1037 2103 1152 2139 locum
1174 2102 1327 2144 adducit,
1361 2106 1396 2137 in
1419 2112 1489 2149 quo
1515 2107 1619 2147 patres
1642 2097 1764 2145 graeci,

40 2157 153 2194 coatsta
170 2155 380 2190 oecumenica
394 2152 541 2200 synodo,
561 2154 720 2188 Seuerum
739 2155 872 2201 eiusque
886 2151 1069 2197 symmissas
1083 2165 1115 2190 et
1126 2155 1272 2204 gregales
1288 2148 1521 2190 condemnasse
1538 2148 1701 2184 dicuntur.
1715 2163 1765 2171 -—

40 2207 127 2247 Add.
149 2207 189 2241 de
205 2205 318 2241 nostro
345 2206 381 2244 C,
398 2206 621 2241 Guil.F1·anc.
646 2204 770 2241 Walclz.
793 2207 826 2238 in
849 2204 981 2241 historia
1002 2204 1203 2253 haeresium,
1235 2208 1422 2255 germanice
1442 2200 1576 2251 scripta,
1608 2210 1691 2235 tom.
1705 2199 1763 2232 VI.

38 2275 60 2311 p
90 2266 148 2305 9531
182 2258 244 2306 (sq.
272 2258 351 2300 (vbi
367 2270 501 2306 quoque
525 2254 632 2292 laudat
656 2256 832 2290 Tillaemont.
859 2269 890 2302 p.
906 2259 981 2296 682.
1011 2259 1148 2306 chuien
1168 2272 1216 2294 or.
1234 2260 1315 2296 Chr.
1330 2267 1411 2292 tom.
1426 2257 1467 2290 11.
1484 2265 1597 2303 p.730.
1615 2250 1701 2301 sqq.)
1720 2268 1757 2275 --

40 2324 62 2348 t.
80 2314 151 2346 Vll.
169 2319 276 2357 p.134.
293 2321 324 2357 p.
338 2309 383 2343 16.
400 2307 466 2356 sqq.
495 2310 548 2342 vli
563 2309 694 2355 potiora
705 2308 816 2342 Seueri
831 2305 947 2357 scripta
968 2306 990 2343 s.
1005 2307 1189 2359 fragmenta
1209 2320 1240 2346 et
1263 2309 1381 2344 iudicia
1403 2303 1627 2345 recensentur,
1662 2306 1712 2349 (et
1729 2313 1762 2349 p.

40 2376 89 2408 23.
108 2374 176 2398 not.
199 2373 221 2396 1.
245 2360 398 2396 laudatur
413 2361 562 2402 Mmfius
580 2361 614 2394 in
630 2357 814 2408 adpendice
840 2369 922 2396 tom.
938 2362 997 2396 lv.
1018 2362 1246 2412 Supplernenti
1261 2359 1431 2399 concilior.
1454 2371 1486 2410 p.
1504 2359 1583 2402 467,
1599 2353 1667 2447 sqtlll.
1684 2363 1764 2442 eim

1595 2421 1636 2445 co
1665 2415 1701 2444 ec
1717 2419 1763 2444 10-
