2023 2656
25 170 190 210 {mvta-
205 161 372 218 2²1²&AEAE
713 174 776 210 DE
805 167 1148 210 ELECTionvs.

41 277 110 313 ¹50·

38 533 100 567 155.

32 780 111 834 ,πόα

37 1034 105 1078 165,

24 1266 103 1332 v1¹70.

35 1556 97 1591 175.
125 1547 177 1582 Ne
191 1543 265 1581 sane
278 1549 420 1595 geminis
437 1542 590 1581 incedens
605 1545 686 1581 luna

135 269 168 303 Si
195 279 275 303 vero
300 269 350 302 his
378 265 461 315 signi
491 269 551 301 viis
577 263 681 302 fertur

139 318 284 355 Pulchro
300 317 369 355 visu
386 319 466 354 luna
493 328 643 359 cornuta,
673 321 778 354 citatis
802 317 951 368 gaudens
977 321 1082 369 equis,

141 372 302 418 Propior,
328 369 474 405 molestis
500 384 538 405 ae
572 372 673 405 acutis
701 368 876 407 doloribus

139 422 322 460 Grauatum
355 422 524 456 habebunt
551 430 649 470 caput
677 420 783 457 miseri
810 424 979 460 homines,

137 473 257 520 Neque
289 474 462 508 inuenient
488 470 586 508 facile
611 483 783 520 promtum
811 475 986 509 auxilium.

128 523 255 558 Mulier
281 536 383 564 vero,
411 524 565 573 grauibus
593 537 633 558 ex
662 534 756 571 partu
783 522 956 560 doloribus
982 524 1147 565 laborans,

136 577 289 610 Enitetur
309 576 465 609 membris
491 571 742 622 imperf-edium,
772 573 935 611 infantem
965 575 1151 625 ignobilem

137 625 195 670 [if]
224 629 410 675 Antequam
438 626 553 661 lumen
577 623 656 662 solis
684 625 836 662 dulcibus
862 627 968 664 oculis
995 625 1163 676 adspiciat,
1212 654 1215 657 .

120 679 249 712 >Primo
274 676 348 717 die,
375 675 471 713 valde
497 677 617 712 acerbo
644 689 684 712 ex
709 678 833 712 morbo

139 728 335 769 Laborabit,
362 731 555 778 vicinusque
583 731 643 764 erit
668 741 781 764 amaro
809 732 933 765 exitio:

137 779 171 814 Si
195 792 272 814 vero
299 777 407 815 adhuc
433 777 609 815 secundam
643 779 754 815 lucem
780 782 816 815 iu
841 784 940 816 ariete
965 777 1161 830 adspexerit,

125 830 342 870 'Liberabitur
367 844 407 866 ex
434 830 576 872 morbo,
611 827 742 880 fugiens
769 829 915 867 summos
938 836 1054 868 mortis
1082 831 1229 866 dolores.

134 883 251 930 Qum
276 894 356 917 vero
383 885 473 917 iuxta
501 880 665 931 insignem
690 883 844 918 cornibus
872 893 1003 919 taurum
1034 886 1199 919 orientem

134 931 284 981 Apparet
311 944 448 969 cornuta
475 933 572 974 luna,
605 943 684 968 tunc
711 932 808 969 valde
838 934 996 970 audacem
1021 936 1186 981 (iniieiet)

134 986 317 1032 Impotenti
344 982 393 1027 m»)
420 983 582 1043 disiderio
607 983 806 1034 flagrantem
833 989 896 1021 viri

132 1037 205 1071 Cor
230 1045 262 1070 et
285 1045 433 1071 mentem
458 1038 514 1084 qui
541 1037 642 1082 agitet
668 1049 805 1085 grauem
833 1039 996 1086 impeturn

136 1089 264 1129 Animi,
290 1089 374 1121 mire
399 1088 520 1127 iadiafi,
548 1096 694 1121 mortem
722 1096 831 1124 tamen
859 1101 929 1123 non
950 1085 1143 1124 afferentem

136 1138 324 1178 Morbum,
354 1140 412 1186 qui
439 1134 600 1172 desideret
623 1137 727 1172 leuari
751 1139 881 1173 medela
908 1143 1041 1174 amoris.

132 1189 169 1223 Si
197 1191 268 1236 quis
294 1201 373 1224 vero
399 1191 486 1223 intra
512 1187 639 1222 collum
663 1188 789 1222 habeat-
807 1190 974 1223 exitialem
1001 1189 1160 1225 dolorem

133 1238 297 1275 Vlceraue
321 1242 356 1274 in
381 1239 501 1287 iugulo
527 1239 668 1273 habeant
695 1237 867 1274 exedentia
893 1242 1067 1282 hominem,
1101 1240 1248 1278 seorsum

131 1290 259 1325 Cauere
280 1293 439 1325 conuenit
462 1290 650 1335 cynanches
675 1292 820 1325 noxium
845 1288 1013 1328 dolorem.

135 1342 168 1376 si
190 1344 300 1389 primo
319 1340 383 1383 die,
404 1342 479 1390 quo*
496 1353 656 1388 puerpera
726 1376 729 1378 ,

132 1392 284 1433 Abortit‚
307 1405 377 1428 non
392 1394 532 1435 incurrit
552 1392 750 1428 horrificum
767 1391 893 1429 malum
910 1395 1061 1437 exitium,

134 1442 285 1478 Secunda
301 1443 376 1479 luce
388 1446 505 1478 mitior
520 1445 581 1477 erit
602 1441 716 1485 dolor,

132 1495 195 1530 Vbi
213 1491 323 1529 foetus
339 1508 379 1530 ex
393 1495 549 1529 membris
566 1494 734 1530 abortiuus
751 1493 922 1544 prodierit.

131 1597 252 1634 Lumbi
269 1598 425 1632 dolorem
439 1594 553 1632 afferat
563 1626 573 1642 ‚
593 1610 701 1646 neque
715 1598 862 1634 humeris
877 1597 1132 1646 malignitatem,

127 1651 247 1697 Neque
260 1647 511 1684 dissolutionem
528 1648 684 1684 membris
698 1645 801 1690 ferat,
825 1663 903 1684 nam
925 1650 1067 1685 toleratu
1083 1647 1228 1685 difficilis

33 1808 103 1843 180.

131 1699 187 1735 Est
214 1713 310 1741 cura,
339 1710 370 1735 et
396 1699 580 1736 remedium
609 1699 702 1748 quod
728 1698 865 1736 affertur
889 1703 926 1736 in
952 1714 1075 1737 vanum
1099 1699 1226 1750 sperare
1253 1698 1342 1736 facit.

132 1751 166 1786 Si
194 1764 272 1785 vero
300 1751 382 1786 alius
406 1752 545 1787 morbus
573 1750 736 1787 adfremat
758 1753 834 1788 luce

129 1804 257 1842 Prima,
294 1806 330 1837 in
351 1803 473 1838 lecium
501 1804 774 1852 procumbentem
801 1805 977 1853 hominem
1003 1801 1101 1846 facit,
1134 1805 1364 1854 protrahitque

134 1854 366 1894 sanationem,
394 1854 450 1888 diu
478 1864 510 1888 vt
537 1858 572 1890 in
598 1855 686 1890 leeto
712 1855 885 1891 reclinatus

131 1902 355 1941 Consumatur
378 1905 516 1940 molesta
543 1905 596 1954 spe
621 1919 680 1954 per
708 1916 816 1942 totum
843 1906 944 1943 diem.

129 1959 175 1992 At
202 1969 306 2005 quum
333 1959 466 1992 initium
489 1958 596 1992 morbi
625 1961 686 1992 erit
710 1956 856 1994 secundo
883 1957 949 2000 die,

127 2009 162 2043 si
186 2006 343 2043 domibus
370 2006 425 2043 sub
451 2006 614 2058 prosperis
642 2007 673 2044 se
699 2009 828 2051 habeat,

33 2064 97 2104 185.
122 2059 246 2095 Tribus
275 2056 382 2094 solum
410 2057 522 2094 diebus
550 2064 584 2095 in
610 2059 699 2096 lesso
721 2059 895 2096 laborabit.

133 2111 165 2145 Si
194 2118 271 2145 tune
295 2112 428 2152 mulier,
455 2124 595 2158 puerum
619 2114 653 2147 in
680 2121 772 2148 vtero
799 2109 921 2154 ferens,

131 2160 328 2203 Abortierit‚
355 2175 571 2198 communem
599 2161 772 2198 obscuram
794 2167 882 2201 viam
909 2175 986 2200 cum
1013 2161 1139 2200 infante

129 2214 240 2258 Petet,
263 2211 326 2248 nili
350 2215 440 2248 mitis
463 2213 555 2252 ssella
580 2213 758 2250 seruauerit

942 2267 1055 2310 Tt3

78 2380 145 2422 hh)
178 2383 248 2421 Leg.
271 2379 350 2415 ιῦδΐίς
368 2381 521 2417 u'ae‘rolunr.
544 2390 574 2414 et
599 2384 723 2426 ἕτιρηρίσι
742 2384 871 2421 Hesych.
893 2383 1070 2422 u’paoee'ssomtst

1421 172 1493 208 Lib.
1505 165 1583 209 Vc.
1592 169 1678 207 XX.
1729 180 1786 215 333

1618 2266 1758 2305 Pulchre
