2023 2656
27 125 121 179 'vor
139 149 213 178 vm.
227 149 390 184 P-417P419
701 146 764 182 DE
790 144 1128 182 ELECTioNimvs
1375 144 1510 183 Liby.
1533 156 1561 182 c.
1578 144 1667 193 Xgr.
1717 155 1772 189 322

151 246 240 281 Nam
254 242 398 290 longum
412 240 470 276 tibi
486 241 546 275 iter
563 252 600 275 ac
612 237 768 275 molestae
784 240 855 274 viae

147 297 275 332 Erunt,
301 292 332 328 et
346 291 487 328 dedecus
501 303 571 326 non
588 287 701 326 deerit.

148 347 289 381 Patriam
305 356 384 379 vero
401 341 617 392 ingredienti,
645 354 722 377 cum
737 342 933 388 capricorno
951 337 1031 375 dum
1047 336 1169 374 incedit

50 408 107 442 4ο.
157 398 268 436 Luna,
297 393 377 431 celsa
393 406 509 443 gerens
524 405 666 435 cornua,
688 405 869 428 amoenum
883 405 920 426 ae
936 389 1156 427 commodum
1181 387 1328 427 reditum

145 445 326 494 Designat3
354 456 388 480 tn
405 457 484 480 vero
499 444 571 479 noli
588 445 669 479 haec
685 452 796 478 mente
815 440 980 478 excidant.

149 500 286 546 Aquarii
301 500 442 544 primam
460 507 614 530 auroram
637 494 676 536 (l.
701 493 805 538 diem)
833 493 1020 530 obseruato-

150 551 261 584 Etiam
279 546 368 582 diem
382 547 521 582 alterum
541 558 645 594 quum
660 548 806 594 peragit,
835 557 911 579 nam
931 546 991 579 erit
1011 541 1204 592 auspicatus,

147 601 328 636 ,Ae-‘tionem
343 596 451 634 ferens
470 610 541 632 non
557 597 740 638 molestam,
756 594 811 631 sed
826 593 998 631 lucrosam.

49 663 98 698 45.
148 649 289 687 Piscibus
306 652 341 685 in
355 652 479 689 vernis,
507 646 548 682 ad
562 660 710 696 pugnam
725 646 915 695 bellumque

148 705 200 738 Ire
219 705 326 736 iuuat:
360 698 444 735 feres
466 709 497 734 et
515 709 593 734 tunc
607 697 822 746 piscatoribus
847 697 1136 735 emolumentum:

147 753 204 799 [P]
228 755 338 788 Etiam
356 754 393 787 iis
415 754 471 798 qui
486 761 545 798 per
559 748 698 786 filuosos
712 747 807 786 saltus

147 801 331 845 Incedunt,
359 813 391 837 et
411 805 488 837 citas
510 803 700 837 venationes
724 811 851 838 curant.

149 858 293 903 Oportet
308 864 339 889 et
353 863 387 888 vt
409 852 491 887 alios
514 851 694 901 prudenter
716 850 866 901 inspicias
1051 896 1053 899 .

48 916 100 952 50.
150 906 317 947 manerias,
344 907 401 954 qui
416 913 575 940 cornutae
590 906 673 938 tauri
689 901 808 939 faciem
829 903 977 940 habentis
997 896 1179 937 candidum
1193 896 1406 950 splendorem
1419 898 1546 943 (lunae)

149 956 444 1005 Contemplantur‚
474 953 629 1004 quadrata
648 954 728 990 dum
751 954 958 990 inambulant
973 955 1010 988 in
1025 954 1089 994 via,

148 1011 221 1044 Nec
240 1007 474 1056 triangularem
492 1007 631 1041 habeant
645 1005 742 1042 lunae
766 1004 950 1055 fulgorem,

149 1062 218 1095 Aut
235 1058 367 1094 aduersa
381 1056 487 1093 ferant
503 1055 673 1104 splendida
689 1058 787 1094 lunae
806 1058 952 1092 lumina:

148 1112 236 1146 Nam
254 1109 277 1145 fi
295 1109 439 1145 malefici
455 1109 495 1143 ad
514 1108 622 1142 radios
635 1106 667 1143 se
689 1108 880 1149 extendant,

47 1172 92 1206 55.
145 1161 200 1197 Est
217 1162 309 1211 quod
324 1170 448 1195 metuas
469 1162 676 1207 vagationes,
705 1160 799 1194 bonis
821 1171 900 1193 vero
923 1153 1171 1207 adspicientibus
1189 1154 1308 1191 lunam

147 1215 208 1248 Per
224 1212 343 1261 gradus
360 1211 534 1259 signorum
550 1210 697 1244 fixorum
712 1209 933 1250 incedentem,

147 1264 332 1298 Confidens
349 1263 443 1296 bonis
457 1263 650 1310 peregrinae
672 1262 759 1296 vrbis
784 1261 945 1301 moribus,

149 1316 276 1350 Licebit
291 1317 350 1348 iter
370 1311 496 1352 facere,
526 1313 758 1359 imperturbata
777 1315 837 1348 erit
858 1315 921 1347 via.

149 1367 182 1400 Si
201 1375 310 1400 autem
326 1367 487 1411 coniugio
505 1367 596 1410 cupis
620 1362 826 1399 desiderabili
849 1362 917 1399 frui

47 1421 104 1454 60.
154 1419 260 1465 Inque
277 1416 438 1452 thalamos
454 1418 502 1449 vis
520 1414 640 1449 ducere
659 1413 747 1464 frugi
770 1428 930 1450 vxorem:
1149 1453 1152 1456 ⁴

147 1469 311 1516 Inspicere
339 1476 473 1515 oportet
500 1476 673 1501 cornutam
699 1466 847 1502 flexuose
873 1475 1061 1502 currentem
1085 1466 1221 1510 lunam,
1252 1474 1284 1501 et
1309 1463 1445 1515 quidem
1471 1463 1495 1502 fi
1518 1463 1556 1501 fit

148 1522 246 1556 quta
267 1517 470 1568 sagittarium
493 1526 545 1552 aut
567 1516 704 1564 piscium
731 1516 880 1553 humidas
903 1521 981 1558 vias,

149 1571 214 1608 Vel
234 1573 360 1619 aquarii
383 1571 468 1604 circa
491 1567 612 1603 astrum
628 1567 653 1603 fi
667 1567 855 1617 splendeat:

106 1634 118 1642 ¹
148 1622 271 1660 Felices
292 1624 421 1668 nuptias
436 1619 598 1655 obtinebis
617 1619 685 1654 sine
702 1633 807 1662 noxa,
835 1633 919 1669 quae
936 1619 1068 1656 nullum
1086 1618 1248 1656 damnum-

27 1691 37 1696 ·
48 1674 95 1719 65.
148 1676 266 1722 Neque
282 1671 434 1707 molestas
451 1675 535 1707 rixas
552 1673 586 1705 in
603 1669 744 1706 domum
763 1670 916 1717 inferent,

148 1727 267 1773 Neque
281 1722 388 1771 aspera
406 1726 530 1770 iurgia,
557 1735 640 1769 quae
657 1734 688 1757 et
705 1721 911 1771 prudentem,

147 1779 230 1812 Viro
254 1787 369 1810 amore
386 1773 557 1823 flagranti,
587 1772 733 1809 celeriter
747 1772 890 1809 reddunt
901 1787 1039 1810 onrem
1056 1776 1238 1811 inimicam‘

147 1829 219 1864 Erit
235 1839 312 1862 vero
329 1828 436 1866 mitis,
463 1824 625 1874 prodam,
653 1827 806 1873 operibus
822 1824 1015 1874 splendens;

149 1881 359 1927 Qapropter
375 1877 423 1911 his
441 1874 553 1911 diebus
566 1877 722 1923 praebens
737 1877 874 1924 pulchra
890 1875 980 1911 dona

47 1941 102 1973 70.
139 1934 297 1967 quenem
309 1932 342 1963 in
356 1926 496 1963 domum
513 1926 604 1963 suam
620 1926 808 1963 introducet
822 1925 1008 1971 dominam,

145 1984 206 2018 Vir
219 1984 274 2029 qui
290 1979 504 2016 solitudinem
517 1993 554 2013 ac
569 1979 711 2014 liberum
727 1977 816 2014 diem
836 1978 917 2013 odit.

150 2036 265 2080 Quum
282 2044 362 2066 vero
380 2030 546 2066 noctiluca
564 2041 704 2079 occupat
719 2030 874 2078 praeclari
893 2032 999 2064 arietis

147 2085 261 2124 Sidus,
287 2083 340 2118 vel
353 2085 442 2116 iuxta
458 2093 588 2118 taurum
604 2084 720 2129 pulcre
739 2092 919 2117 comutum
938 2079 1074 2124 incedit,

149 2136 279 2172 Diuites
294 2135 498 2180 hymenaeos
514 2146 556 2169 ne
577 2136 717 2181 cogites⁷

1617 2193 1670 2228 75.
1687 2182 1776 2219 Nam

6 2342 16 2349 ⁴
52 2301 202 2340 dirigere3
224 2304 255 2332 in
271 2303 405 2333 Maximo
420 2313 481 2332 non
497 2304 596 2331 minus
614 2300 726 2339 singula
746 2300 782 2332 ad
800 2300 888 2331 disci·
932 2309 1032 2331 turum
1048 2299 1199 2337 formula,
1229 2299 1250 2329 α’
1269 2298 1297 2330 δὲ
1310 2309 1340 2331 vt
1355 2311 1382 2332 v.
1395 2308 1442 2341 59.
1464 2298 1530 2330 fere
1545 2299 1607 2334 veh
1633 2295 1662 2332 ἐκ
1684 2311 1772 2344 pror-

52 2346 153 2387 pulum
168 2345 317 2386 aliquem,
345 2349 500 2375 Musaeum
525 2355 562 2374 au
585 2344 753 2374 Iulianum?
782 2344 890 2386 specla-
933 2344 979 2374 sus
996 2344 1102 2374 eodem
1115 2343 1458 2386 inodopartespartibus
1467 2345 1586 2374 nestere
1596 2347 1771 2388 Orpheum,

50 2399 101 2423 tei
122 2391 287 2420 Maximum
303 2390 339 2419 ab
355 2387 416 2420 alio
435 2397 612 2427 argumento
628 2386 665 2417 ad
681 2387 763 2419 aliud
784 2390 891 2420 transi·
933 2396 991 2418 etc.
1019 2388 1117 2419 Harl.
