2023 2656
215 160 279 198 438
329 151 402 187 Lib.
415 149 460 188 V.
473 148 635 187 e.XXX.
781 147 1036 185 THEODORI
1064 149 1197 185 STVD.
1223 149 1432 191 SCRIPTA.
1718 151 1838 181 vomx.
1856 159 1939 188 part

385 244 442 293 [If]
469 251 500 285 8.
525 241 743 290 Epistotarum
757 241 830 278 libri
841 243 921 286 duo,
949 254 1094 292 quorum
1117 246 1207 293 prior
1223 246 1326 281 LVII.
1345 244 1505 293 posterior
1521 245 1666 282 CCXIX.
1682 249 1721 293 ⁸)
1748 247 1941 297 completsti·

222 311 285 339 tur.
300 313 334 350 p.
349 311 414 334 221.
433 306 599 341 3-70-753,
651 297 702 331 Ex
718 295 767 330 his
783 292 915 343 sparsim
932 294 1090 345 quasdam
1104 297 1295 332 exhibuerat
1318 299 1475 333 Batonius
1489 312 1506 332 a
1519 299 1686 334 Sir-mondo
1702 299 1800 335 latine
1826 297 1940 342 versas,

221 354 311 391 Libri
324 351 446 398 prioris
458 347 595 399 quidem
614 349 796 383 XXXVIII.
819 357 851 382 et
873 349 960 383 LIII·
974 346 1015 382 ad
1037 360 1065 385 a.
1081 355 1155 390 787.
1171 362 1201 384 n.
1220 356 1268 393 53.
1292 359 1342 393 59.
1359 352 1413 384 IV.
1430 358 1462 384 et
1475 353 1515 386 V.
1533 349 1572 384 ad
1590 364 1616 385 a.
1633 361 1704 395 795·
1726 353 1749 386 1.
1765 353 1805 387 11.
1824 353 1882 387 ΙΙΙ.
1899 349 1942 387 ad

222 421 249 442 a.
270 406 346 450 796.
369 404 445 437 VII.
466 398 507 435 ad
529 405 600 440 801.
625 399 714 434 XVI.
741 401 859 435 XXVI.
882 401 982 435 XXX.
1001 397 1041 434 ad
1066 401 1143 438 806.
1166 401 1250 436 XXI.
1276 402 1378 439 XXII.
1402 402 1526 436 XXIII.
1550 403 1668 438 XXIV.
1698 405 1800 441 XXV.
1822 405 1943 439 XXVI.

222 456 377 495 XXVIII.
399 453 516 490 XXXI.
537 449 578 487 ad
600 464 630 486 a.
653 457 727 492 808.
751 450 887 486 XXXII.
908 463 1010 500 vsque
1034 450 1073 485 ad
1095 452 1241 488 XXXVI.
1266 464 1327 487 nec
1346 465 1419 488 non
1440 455 1619 489 XXXVIII.
1649 454 1796 489 XXXIX·
1822 455 1942 490 XLIII.

221 508 373 547 XLVIII.
387 507 441 542 LI.
457 505 542 540 LIII·
557 501 597 538 ad
613 517 642 539 a.
661 509 737 547 809·
753 512 784 538 et
799 505 885 541 LVI.
902 501 941 538 ad
963 517 990 537 a.
1009 508 1073 541 811.
1128 505 1216 539 Libri
1238 504 1425 550 posterioris
1440 517 1517 540 veto
1536 506 1699 541 CXXVII.
1716 504 1755 541 ad
1774 520 1802 542 a.
1821 512 1894 549 787.
1908 518 1941 544 n.

223 563 275 604 63.
293 560 322 595 I.
338 561 382 594 II.
407 555 503 592 VIII.
526 556 646 592 XVIII.
669 553 708 589 ad
723 568 750 590 a.
768 561 838 598 814.
861 556 915 593 IX.
935 556 974 590 X.
990 553 1030 589 ad
1050 569 1078 591 a.
1094 561 1160 600 815.
1182 558 1237 592 IV.
1261 556 1318 591 XI.
1332 558 1417 592 XXI.
1442 558 1544 592 XXII.
1567 558 1688 592 XXIII.
1704 560 1804 596 XXV.
1823 559 1941 594 XXVI.

221 612 336 651 XXXI.
353 609 489 647 XXXII.
510 608 660 643 XXXIV·
685 608 751 642 XL.
768 608 851 643 XLI.
867 609 965 643 XLV.
982 607 1016 644 L.
1039 609 1109 642 LV..
1131 609 1213 642 LIX.
1236 608 1333 643 LXX.
1356 610 1546 644 LXXXVII.
1574 610 1747 644 CLXXXI.
1770 607 1811 644 ad
1828 623 1856 643 a.
1872 609 1942 650 816.

222 666 297 702 XII.
319 665 407 699 XIV.
428 661 500 696 XV.
523 659 610 695 XVI.
635 659 738 697 XVII.
759 657 800 694 ad
822 672 851 693 a.
868 665 945 702 817.
959 660 1046 697 XIII.
1065 661 1163 694 XXX.
1179 660 1309 694 XXXV.
1324 661 1487 696 XXXVII.
1505 662 1620 696 XLIV.
1634 663 1702 696 LV.
1720 656 1840 697 LVIII.
1857 662 1941 696 LXI.

222 717 341 754 LXVI.
362 712 516 750 LXVIII.
541 711 663 747 XCIV.
686 711 726 744 C.
748 709 789 745 ad
813 722 842 745 a.
867 716 936 751 818.
962 712 1141 746 XXXVIII.
1166 712 1265 746 LXII.
1288 712 1406 746 LXIII.
1432 710 1474 747 ad
1496 726 1523 748 a.
1542 718 1613 756 819.
1633 713 1746 748 LXXI.
1762 710 1804 747 ad
1817 727 1847 748 a.
1864 718 1941 752 820.

224 768 378 806 LXXIII.
398 764 546 801 LXXIV.
574 761 722 798 LXXIX.
743 763 869 797 LXXX.
899 762 1074 798 LXXXVI.
1099 764 1169 797 XC.
1194 764 1298 798 XCII.
1318 765 1406 798 CVI.
1430 764 1545 799 CXXI.
1571 763 1612 799 ad
1636 777 1664 799 a.
1687 770 1756 804 821.
1777 765 1944 801 CXXVII.

224 817 373 856 CXXIX.
398 816 545 852 CXCIX.
571 814 692 852 CCIV,
712 812 751 848 ad
766 827 794 848 a.
819 818 890 856 823.
920 815 1037 849 CXVI.
1062 814 1278 852 CXXXVIII.
1306 815 1470 851 CLXVII.
1488 813 1528 849 ad
1546 828 1572 849 a.
1588 822 1658 860 825.
1709 818 1798 864 Qas
1815 828 1886 851 non
1903 827 1944 849 ex

223 867 394 906 Sirmondi
410 865 560 902 verslonc
575 862 662 914 apud
677 867 856 900 Batonium
872 867 1010 912 reperit,
1047 865 1180 901 inarum
1203 868 1507 915 interpretationem
1525 865 1658 914 ipsemet
1672 865 1821 902 adiunxit
1837 865 1946 902 editor

222 923 354 959 Iacobus
371 920 408 955 de
425 919 455 954 ln
470 919 595 953 Banna.
630 917 720 953 Libri
736 913 868 952 secundi
884 916 1054 967 epistolam
1076 919 1208 953 CCXV.
1225 916 1451 965 responssones
1465 917 1504 954 ad
1520 919 1623 954 XVII.
1640 921 1841 967 interrogata
1855 930 1945 953 com·

222 974 354 1024 plexam
376 969 418 1007 ad
436 967 653 1006 Methodium
673 971 896 1014 monachum,
930 967 987 1004 sub
1013 968 1184 1014 Nicephori
1210 968 1311 1006 CPol.
1336 972 1476 1005 nomine
1499 969 1647 1019 vulgauit
1663 974 1780 1017 graece
1797 979 1829 1005 et
1845 969 1951 1006 latine

224 1025 409 1061 cotelerius
430 1033 512 1058 tom.
530 1022 569 1057 11.
596 1031 804 1056 monument.
831 1019 983 1056 ecelessae
1002 1033 1137 1068 graecae
1159 1028 1233 1070 pag.
1248 1032 1318 1065 453.
1343 1019 1408 1056 Sed
1425 1020 1617 1057 Theodoro
1633 1025 1730 1057 etiam
1743 1021 1897 1057 tribuitur
1912 1025 1950 1057 ἰιι

224 1076 341 1115 codice
358 1074 438 1111 bibl.
454 1074 696 1114 Coiinnianae‚
723 1072 765 1108 de
780 1085 848 1122 quo
869 1072 1123 1118 Montfimconus
1143 1086 1175 1121 p.
1191 1084 1257 1118 325.
1283 1075 1380 1108 Fabr.
1433 1073 1554 1109 Noster
1575 1074 1698 1108 Fabric.
1719 1075 1753 1108 iu
1772 1073 1839 1111 vol.
1855 1074 1945 1108 XIII.
1991 1106 2000 1110 -

224 1130 278 1165 vbi
293 1124 482 1165 Montfaue.
502 1124 582 1160 bibl.
604 1124 747 1161 Coiinn.
768 1121 947 1165 recensuit,
976 1137 1032 1164 ea,
1060 1137 1143 1173 quae
1165 1122 1362 1173 sequuntur,
1390 1135 1421 1160 et
1439 1138 1522 1175 quae
1537 1126 1601 1160 huc
1618 1127 1798 1170 retraham,
1824 1137 1854 1173 p.
1871 1130 1945 1168 843.

224 1179 412 1218 adnotauit:
461 1175 658 1226 „Epistulae
679 1178 712 1212 S.
742 1174 922 1212 Theodori
953 1175 1098 1211 Studitae
1124 1188 1250 1224 magno
1282 1190 1423 1212 numero
1453 1177 1614 1212 habentur
1637 1178 1671 1211 in
1696 1175 1824 1211 duobus
1847 1174 1944 1211 codd.

224 1233 411 1280 (Coislin.)
436 1242 556 1278 nempe
570 1231 689 1266 XCIV.
706 1238 739 1264 et
754 1229 930 1266 CCLXIX.
948 1227 1108 1262 ambobus
1125 1230 1270 1275 optimae
1285 1237 1396 1263 notae.
1433 1229 1510 1264 Iure
1529 1236 1637 1262 autem
1653 1229 1744 1263 hunc
1757 1225 1946 1277 catalogum

224 1289 309 1322 inter
326 1281 496 1320 Anec‘dota
513 1293 661 1329 repono,
675 1281 755 1316 ‘licet
769 1279 903 1316 nonnisi
917 1280 1029 1315 titulos
1044 1288 1075 1313 et
1096 1281 1186 1314 initia
1209 1276 1351 1327 adferat3
1380 1283 1455 1329 quia
1473 1282 1505 1314 in
1527 1282 1638 1327 primo
1660 1277 1776 1315 codice
1791 1277 1863 1314 sunt
1877 1281 1945 1328 epi·

223 1337 326 1374 stolae
343 1338 544 1385 quingentae
565 1331 779 1382 quadraginta
793 1333 871 1367 0610
894 1344 1033 1379 quarum
1052 1333 1106 1365 vix
1122 1329 1296 1366 dimidiam
1316 1342 1444 1379 partem
1460 1329 1561 1365 edidit
1578 1331 1643 1366 Iac.
1661 1328 1877 1370 sirmondus,
1903 1342 1945 1366 ex

225 1391 349 1436 iisque,
374 1399 459 1434 quas
470 1382 666 1433 publicauit,
693 1383 817 1419 multae
837 1383 963 1419 lacerae
976 1395 1016 1417 ex
1039 1391 1179 1430 vtroque
1201 1381 1318 1417 codice
1336 1381 1441 1418 sarciri
1457 1379 1600 1430 poffunt.
1654 1378 1691 1416 In
1707 1380 1822 1417 codice
1836 1390 1946 1416 autem

225 1440 402 1478 CCLXIX.
423 1435 646 1483 antiquiffimo
669 1436 759 1470 ‘noni
787 1432 903 1469 saeculi
923 1446 993 1468 non
1020 1445 1141 1481 paucae
1163 1437 1386 1481 reperiuntur,
1418 1447 1501 1482 quae
1524 1436 1632 1469 necin
1655 1432 1746 1469 edito
1763 1431 1945 1475 sirmondi,

225 1494 337 1529 necin
362 1492 473 1537 priore
498 1488 706 1523 Coisliniauo
727 1483 843 1520 codice
862 1484 997 1523 exstant.
1049 1485 1172 1519 Prioris
1191 1482 1315 1519 codicis
1329 1498 1422 1520 num.
1439 1486 1557 1527 XCIV.
1577 1483 1744 1533 catalogus
1757 1484 1857 1520 exstat
1870 1497 1946 1534 pag.

227 1554 298 1588 144,
314 1541 444 1577 alterius
459 1552 540 1575 vero
559 1537 835 1574 num.CCLXIX.
848 1547 957 1585 p.312.
968 1540 991 1557 ‘⁸
1044 1534 1129 1571 Add.
1149 1535 1300 1571 nostrum
1321 1549 1456 1586 quoque
1465 1536 1555 1571 Fabr.
1572 1533 1658 1571 infra
1674 1539 1708 1570 in
1724 1534 1788 1571 vol.
1801 1538 1856 1572 XI.
1870 1549 1945 1586 pag.

226 1607 294 1642 517.
312 1591 364 1628 ed.
379 1602 439 1627 vet.
458 1589 498 1626 de
514 1591 658 1628 concilio
675 1589 858 1627 CPoiitano
874 1600 902 1623 a.
921 1589 997 1626 806.
1017 1590 1052 1622 in
1075 1585 1163 1636 quod
1187 1588 1357 1624 inuehitur
1377 1586 1512 1626 Theod.
1529 1585 1654 1623 Studita
1670 1587 1813 1635 epistolis
1828 1586 1869 1622 ad
1888 1589 1947 1623 Ni.

229 1646 411 1695 cephorum
422 1643 549 1679 CPoIit.
564 1652 594 1678 et
610 1645 758 1678 Leonem
769 1641 829 1675 111.
846 1638 934 1687 apud
948 1641 1066 1675 Barou.
1084 1638 1121 1674 ad
1141 1652 1193 1674 an.
1209 1641 1287 1678 806.
1299 1654 1330 1675 n.
1343 1651 1386 1682 ¹3-
1401 1637 1445 1687 sq.
1463 1649 1494 1674 et
1512 1650 1592 1677 tom,
1608 1642 1648 1674 V.
1658 1641 1747 1688 Opp.
1762 1637 1946 1680 sirmondi,

227 1699 282 1733 vbi
301 1693 482 1732 Theodori
498 1691 644 1730 Studitae
666 1691 824 1740 epistolae
846 1703 894 1739 gr.
912 1701 942 1726 et
956 1690 1009 1726 lat.
1026 1705 1043 1725 a
1068 1693 1130 1726 Iac.
1147 1689 1187 1725 de
1206 1689 1233 1724 Ia
1251 1693 1359 1727 Baune
1374 1692 1406 1727 S.
1424 1692 1448 1725 1.
1465 1689 1570 1726 editae
1584 1690 1758 1738 leguntur,
1789 1704 1862 1740 pag.
1879 1697 1946 1730 281.

228 1759 260 1785 et
277 1759 352 1792 300.
367 1757 464 1794 atque
481 1745 521 1782 de
537 1745 660 1781 concil.
674 1744 800 1780 CPoIit.
814 1757 841 1778 a.
858 1748 927 1786 814,
947 1755 1021 1791 pag.
1040 1754 1106 1787 519.
1126 1741 1167 1777 de
1183 1742 1319 1780 Theod.
1335 1742 1480 1778 Studitae
1495 1740 1630 1790 epistola
1645 1740 1686 1776 ad
1700 1741 1866 1788 synodum
1881 1744 1949 1776 ico-

227 1799 458 1838 nomachicam
472 1797 600 1835 CPoIit.
617 1797 671 1831 Iat-
685 1809 727 1831 ex
742 1797 884 1830 Bar0ni0
901 1793 939 1829 ad
961 1808 1012 1829 an.
1028 1801 1098 1836 814.
1122 1807 1171 1841 gr.
1186 1804 1217 1828 et
1238 1793 1292 1828 Iar.
1310 1797 1344 1828 in
1364 1793 1536 1829 sirmondi
1553 1795 1640 1841 Opp.
1665 1801 1750 1829 tom.
1765 1797 1851 1842 V..-p.
1872 1794 1946 1835 370.

226 1853 301 1890 libr.
315 1862 344 1885 ο.
358 1847 577 1897 epistolarum
591 1844 770 1882 Theodori
786 1844 876 1894 epist.
893 1857 922 1880 2.
949 1862 998 1871 ·—·
1052 1842 1228 1880 Theodori
1253 1854 1362 1881 autem
1384 1843 1540 1893 epistolae
1561 1847 1648 1879 inter
1668 1847 1737 1880 eius
1755 1847 1843 1894 Opp.
1857 1845 1947 1894 prin·

227 1907 374 1952 cipatum
389 1899 481 1949 quafi
497 1908 618 1935 tenent.
646 1899 799 1945 Namque
819 1909 890 1932 non
912 1894 1020 1932 solum
1042 1894 1082 1931 ad
1100 1898 1166 1930 eius
1187 1898 1286 1930 vitam
1311 1899 1481 1946 animique
1507 1899 1716 1931 notationem
1740 1898 1878 1946 penitius
1893 1906 1949 1931 co·

228 1950 473 2005 gnesen-nudam,
499 1949 554 1987 sed
569 1953 666 1986 etIam
681 1948 721 1984 ad
735 1947 1036 1984 controuersiarum
1053 1950 1086 1981 in
1100 1946 1232 1982 ecclesia
1246 1960 1378 1995 graeca,
1401 1946 1585 1996 praesertiin
1601 1946 1643 1982 de
1658 1947 1747 1983 cultu
1759 1948 1949 1997 ‘imaginum

228 2008 284 2043 SS.
301 2017 342 2040 eo
357 2014 507 2052 tempore
523 2006 637 2038 aeriter
654 2004 846 2050 agitatarum
862 1999 1029 2035 historiam
1047 1997 1269 2034 illustrandam
1283 2014 1358 2035 cum
1375 2003 1488 2047 primis
1507 1997 1640 2038 faciunt.
1663 2019 1700 2026 -
1722 2000 1815 2036 MSS.
1825 1998 1950 2035 exstant

227 2059 339 2094 Paris.
357 2059 390 2091 in
403 2054 478 2090 cod.
495 2054 572 2090 bibI.
586 2053 934 2102 publ.DCCCXC1V.
961 2050 1145 2098 Epistoiae‚
1172 2049 1239 2086 scil.
1255 2065 1303 2087 nr.
1321 2054 1351 2090 6,
1376 2051 1583 2100 dogmaticae
1598 2053 1684 2086 tertii
1699 2050 1823 2091 exsn'ii,
1855 2053 1950 2099 quita·

229 2111 386 2159 quaginta
401 2103 474 2149 sex5
502 2120 551 2142 nr.
566 2117 596 2148 7.
619 2107 718 2154 primi
733 2113 764 2140 et
779 2101 911 2140 secundi
926 2103 1049 2148 exsilii,
1078 2104 1315 2152 quinquaginta
1333 2099 1404 2146 sex3
1437 2116 1485 2138 nr.
1500 2109 1541 2143 8..
1555 2105 1641 2138 tertii
1657 2101 1781 2147 exfifii,
1816 2111 1948 2137 centum

1791 2154 1950 2203 odiogin-

271 2244 313 2283 u)
335 2241 431 2274 Multa
450 2242 480 2271 in
502 2239 549 2270 his
571 2237 704 2281 epistolis
725 2237 880 2269 emendari
902 2245 931 2267 et
947 2237 1065 2267 Iactum
1110 2237 1152 2267 Ias
1169 2248 1184 2267 a
1200 2235 1372 2269 Theodoro
1399 2237 1521 2279 scriptas
1537 2244 1675 2278 tempore
1699 2238 1790 2279 primi
1803 2245 1832 2268 et
1846 2236 1947 2268 secuu-

230 2287 361 2328 suppleri
385 2284 468 2326 poIse
491 2294 507 2312 e
531 2282 637 2312 codice
667 2284 727 2313 MS.
760 2282 832 2312 bibl.
855 2283 1066 2319 Seguierimxae
1112 2283 1141 2322 pi
1160 2279 1251 2310 exnifi
1270 2283 1315 2312 τῆς
1334 2280 1435 2321 τριέτης
1455 2281 1501 2319 ³19¹)
1523 2278 1644 2321 δευτέρας
1666 2282 1779 2321 ἐξορίσαι
1803 2289 1899 2310 tamen
1916 2283 1947 2310 in

230 2332 289 2361 fine
311 2329 533 2362 Coislinianae,
557 2327 721 2356 CCLXXII.
740 2324 861 2366 insuper
875 2324 1001 2354 ineditas
1020 2335 1067 2354 ex·
1111 2334 1148 2353 eo
1162 2325 1353 2365 reperiuntur
1377 2327 1486 2360 etiam,
1509 2334 1585 2365 quae
1600 2327 1630 2354 in
1644 2323 1705 2354 alio
1725 2323 1830 2354 codice
1844 2323 1949 2354 inseri..

229 2373 373 2406 bibente,
396 2377 479 2399 notat
490 2368 722 2398 Montsauconus
741 2380 769 2409 p.
790 2378 854 2404 144.
878 2370 1067 2408 Quamquam
1111 2367 1221 2398 buntur
1245 2367 1343 2406 ἒξορίας
1368 2368 1457 2407 τρίτης
1480 2367 1566 2398 tertii
1586 2367 1693 2404 exfilic',
1715 2365 1794 2409 apud
1810 2366 1950 2397 eumdem

230 2426 304 2445 vero
320 2413 422 2444 titulus
437 2412 518 2442 iliius
536 2411 649 2442 codicis
666 2419 779 2441 tautum
794 2412 946 2452 promittit
960 2412 1067 2452 episto·
1112 2408 1321 2440 Mentt'aueon.
1340 2422 1371 2451 p.
1388 2421 1449 2447 314.
1469 2411 1550 2452 seqq.
