2023 2656
688 159 790 195 ·N11.1
815 157 1045 195 ASCETICA
1070 160 1267 196 SCRIPTA
1368 160 1441 198 Lib.
1460 161 1503 200 V.
1518 175 1540 198 c.
1550 161 1718 200 XXVII.
1769 174 1802 206 ¹3

69 265 119 302 ep.
138 250 178 288 ad
194 252 436 296 Chai-adetum,
451 251 679 300 presbyterum
689 251 734 292 l¹),
773 252 896 288 austere
913 263 943 288 et
959 251 1132 290 crudeliter
1149 255 1365 290 inuehentem*
1376 258 1409 290 in
1425 267 1594 303 peccantes
1610 266 1670 292 ete.
1695 276 1733 283 --
1762 260 1796 292 iu

67 304 143 340 cod.
160 303 279 340 XVIn.
298 307 371 352 (qui
387 303 489 339 multa
505 299 654 339 eontinet
668 303 839 352 Niliana.)
855 317 905 340 nr.
923 316 965 350 ις.
981 305 1063 353 plut.
1082 317 1116 350 9.
1133 304 1290 353 epistolae
1310 317 1379 351 330.
1403 320 1432 344 v.
1448 308 1588 342 Bandm.
1612 318 1671 342 cat.
1695 307 1794 343 codd.

65 369 115 404 gr.
133 358 228 391 Laur-
246 356 370 390 Medic.
385 357 407 389 Ι.
422 368 454 403 p.
476 357 553 397 360.
571 367 645 399 472·
662 366 694 390 et
709 367 780 398 421.
807 376 845 382 --
905 357 1041 392 Taurini
1054 358 1090 392 in
1104 356 1180 393 cod.
1194 359 1339 395 CCLIV.
1356 360 1432 404 (qui
1451 358 1546 406 plura
1561 359 1796 407 complectitur

61 406 233 450 Niliana,)
261 404 321 441 sol.
341 417 395 450 94.
412 406 501 455 epist.
518 406 558 441 ad
574 406 789 448 Aumatium,
808 406 1009 455 episcopum.
1024 421 1054 442 v.
1073 417 1132 450 cat.
1155 408 1255 445 codd.
1286 422 1337 458 gr.
1355 409 1457 444 Taur-
1482 422 1514 458 p.
1540 412 1613 453 369-
1633 430 1672 436 --
1723 412 1795 446 Nili

61 459 222 493 Schreihen
237 470 278 492 an
300 458 516 507 Thaumastum
531 470 560 493 v.
578 471 620 493 an
629 459 808 506 Didymum
825 458 915 493 nebst
931 471 992 502 140
1009 459 1133 494 kurzen
1144 458 1401 496 Sendsuhoesten
1417 474 1457 494 an
1475 459 1704 496 verschiedene
1721 463 1793 497 Per-

45 507 182 553 ‘sonen,
214 506 421 544 verdeutscht
441 506 545 545 durch
568 509 698 555 Gottsr.
722 509 871 545 Arnold:
889 513 920 545 in
940 511 1035 545 huius
1059 508 1317 548 Sendschreiben
1340 511 1398 547 der
1418 511 1535 553 Alten,
1574 523 1604 560 p.
1627 518 1792 556 422·508.

60 558 216 597 Francos.
235 570 265 594 et
282 562 371 610 [ἦρε.
387 571 480 603 1700.
500 565 531 599 8.

219 649 253 682 9.
280 638 335 673 Dc
350 639 416 672 vita
430 636 559 683 astetica
572 635 675 672 liber:
698 638 782 672 inter
797 649 877 686 opp.
894 651 911 671 a
928 636 1012 673 Zino
1026 637 1127 675 latine
1143 637 1230 674 versa
1241 665 1250 679 ‚
1277 648 1309 674 et
1321 651 1371 687 gr.
1386 652 1423 675 ac
1437 638 1491 674 lat.
1505 653 1523 674 a
1539 641 1680 684 Suarefio
1702 641 1749 687 (p.
1767 653 1791 675 ι.

56 684 142 737 sqq.)
157 686 254 723 edita.
307 690 348 723 ln
366 687 446 723 Bibl.
464 699 596 736 patrum
613 686 662 726 ed.
679 686 785 737 Lugd.
803 698 882 724 tom.
900 690 977 724 Vd.
992 703 1068 739 pag.
1086 693 1169 734 1156.
1225 693 1365 739 Incipit:
1393 693 1598 739 Φιλοσσφὲἱν
1614 687 1790 735 ἐπετήδευ-

56 754 126 777 σαν-
139 739 198 787 μὲν
217 755 277 787 amq
293 737 436 784 ἕλλήνων
455 741 592 778 πολλοί.
647 740 832 775 Florentiae
851 743 885 775 in
911 739 988 776 cod.
1015 744 1168 777 Laurent.
1194 741 1320 778 Medic.
1337 745 1397 779 XV
1401 743 1457 778 111.
1483 757 1532 779 nr.
1557 755 1589 787 4.
1606 744 1687 791 plut.
1704 756 1736 789 9.
1758 747 1790 779 in

45 803 126 840 .qu0
147 803 231 840 opus
247 794 408 826 continuo
434 790 479 826 est
501 800 688 831 exaratum,
716 805 734 826 a
758 790 907 827 Suaresso
930 802 1041 828 autem
1063 796 1096 828 in
1118 806 1213 842 capp.
1235 794 1364 830 LXXV.
1380 793 1599 830 distributum.
1652 795 1693 829 In
1713 795 1788 830 cod.

54 842 125 877 duo
141 842 237 876 iambi
257 855 273 876 a
286 856 386 878 manu
403 845 584 878 recentiore
605 839 679 877 sunt
701 845 736 878 in
757 841 891 879 laudem
915 845 1060 880 auctoris
1078 844 1261 894 praemiii,
1289 858 1329 881 ex
1351 847 1557 882 Graecorum
1582 846 1788 895 Menologio

54 892 88 929 d.
103 894 177 931 XII.
194 895 286 932 Nou.
304 904 336 929 et
349 908 366 928 a
385 895 528 929 Bandin.
545 897 579 928 in
594 892 684 930 catal.
701 891 799 929 codd.
816 908 866 944 gr.
882 896 978 931 Laur.
996 898 1021 932 1.
1039 909 1073 945 p.
1092 906 1168 938 420.
1186 900 1322 946 repetiti.
1351 916 1400 924 —-
1454 896 1536 933 lbid.
1556 901 1589 933 in
1605 897 1681 933 cod.
1698 900 1784 933 XVI.

52 958 105 981 nr.
122 955 162 980 11.
179 944 261 994 plut.
278 957 310 990 9.
330 943 517 994 idem'opus
538 943 605 986 est,
632 955 664 980 at
691 944 899 995 inscriptum:
924 948 1002 996 περὶ
1030 949 1247 994 φιλοσοφίας
1268 945 1469 991 elevem-mciv·
1491 963 1521 985 v.
1544 950 1688 988 Bamiin,
1711 949 1724 983 l
1756 962 1783 984 c.

49 1008 124 1045 pag.
142 1006 213 1039 414.
288 997 330 1031 In
344 995 441 1032 codd.
461 996 590 1034 Coislin.
607 998 692 1032 CIX.
709 994 772 1033 fol.
788 1008 836 1040 23.
850 1007 880 1032 et
893 1001 1131 1036 CCLXXXIV.
1148 1013 1224 1035 cum
1240 1001 1309 1036 aliis
1325 1002 1466 1036 Nili-anis
1487 1002 1596 1048 opulc.
1612 1013 1641 1035 v.
1659 999 1784 1045 ffiIontfi

49 1047 129 1086 bibl.
154 1047 259 1085 coisl.
286 1060 360 1097 pag.
390 1054 463 1090 184.
486 1058 516 1083 et
543 1059 624 1090 400.
645 1066 696 1074 —
717 1046 897 1085 secundum
927 1049 1017 1086 catal.
1037 1048 1136 1086 codd.
1156 1050 1295 1099 Angliae
1322 1061 1404 1090 tom,
1430 1054 1455 1088 1.
1484 1055 1519 1087 in
1547 1050 1622 1090 cod.
1651 1054 1783 1088 Barocc.

48 1100 195 1135 LXXXI.
220 1118 259 1125 --
286 1102 337 1139 (in
354 1111 422 1148 quo
441 1102 538 1134 etiam
551 1098 624 1135 sunt
646 1112 740 1147 capp.
766 1097 898 1135 ascetica
919 1112 965 1145 53.
987 1104 1050 1137 inc.
1066 1103 1217 1149 Νοῦν“μέν
1238 1099 1460 1151 πλανώμενον
1480 1104 1602 1146 kmi-m,
1627 1112 1658 1137 et
1680 1100 1782 1137 eiusd.

48 1149 126 1200 qne}
143 1145 358 1199 διακρίσεως.)
374 1159 456 1185 tom.
472 1151 517 1185 11.
533 1153 567 1185 in
583 1149 658 1188 cod.
679 1150 787 1185 Thom.
798 1151 879 1187 Gale
893 1165 943 1188 nr.
951 1154 1324 1190 MMMMMCMLIV.
1340 1158 1391 1196 (in
1412 1167 1480 1203 quo
1497 1154 1575 1190 eod.
1591 1157 1690 1188 etiam
1700 1154 1783 1190 [unt.

47 1214 132 1250 quae
152 1215 200 1236 nr.
218 1205 258 1240 V,
274 1203 346 1236 VH.
364 1203 401 1236 X.
420 1199 642 1243 recensentur3
670 1203 749 1236 item
766 1202 837 1236 Nili
850 1201 957 1238 sermo
977 1201 1019 1237 de
1043 1203 1138 1238 rebus
1160 1202 1373 1241 saecularibus
1394 1217 1463 1240 non
1481 1201 1704 1253 possidendis}
1732 1219 1782 1240 ca·

45 1255 111 1301 pita
127 1257 158 1292 1)
172 1251 341 1300 gnostica,
371 1255 407 1291 2)
425 1250 488 1286 alia
502 1249 654 1293 ascetica,
682 1256 718 1294 3)
736 1262 766 1287 et
783 1252 864 1293 alia,
890 1263 998 1289 metro
1021 1252 1169 1303 elegiaco
1180 1255 1205 1298 :)
1233 1274 1283 1281 -
1312 1257 1520 1292 Vindobonae
1543 1259 1576 1291 in
1602 1254 1677 1290 cod.
1700 1254 1781 1291 caes.

45 1303 134 1340 Lm.
151 1317 200 1339 nr.
219 1313 246 1347 ς.
264 1316 294 1340 v.
318 1304 462 1339 Lambec.
497 1313 676 1338 comment.
701 1303 777 1339 VH.
799 1316 832 1352 p.
858 1315 925 1339 212.
951 1324 1002 1332 ·—-
1055 1306 1240 1342 Florentiae
1265 1310 1298 1342 in
1323 1307 1389 1342 cod
1424 1310 1576 1343 Annunc.
1599 1305 1714 1344 eccles.
1736 1306 1782 1343 est

45 1354 118 1390 Nili
132 1358 169 1390 de
182 1353 578 1402 cbrfiiarzaplzilcfiJphia,
619 1357 798 1403 interprete
822 1357 944 1406 Isidoro
969 1356 1098 1396 Clario,
1130 1361 1224 1393 cuius
1247 1357 1354 1394 verfio
1372 1358 1523 1396 laudatur
1548 1368 1578 1393 et
1600 1355 1782 1406 praefertur

41 1405 268 1448 suarefianae,
291 1418 390 1455 atque
403 1419 421 1440 e
437 1403 562 1441 schedis
576 1405 770 1442 Mabillonii
786 1409 820 1442 in
832 1407 943 1443 lucem
957 1407 1084 1457 prolata
1105 1407 1227 1458 legitur
1251 1413 1284 1445 in
1301 1411 1452 1446 Martem
1472 1410 1673 1447 collec'tione
1695 1420 1781 1446 vete-

41 1469 118 1493 rum
132 1455 330 1506 scriptorum
347 1467 379 1494 et
393 1467 694 1493 monumentorum
709 1467 769 1494 etc.
789 1468 870 1495 tom.
889 1461 944 1495 IX.
961 1474 1010 1495 nr.
1027 1471 1058 1502 4.
1074 1463 1173 1496 Paris.
1191 1472 1275 1504 ¹733·
1292 1459 1350 1497 fol.

207 1563 259 1570 -—
285 1545 404 1580 Romae
423 1546 455 1578 in
474 1541 550 1578 cod.
569 1542 732 1579 ottobon.
748 1541 825 1579 teste
841 1545 1067 1590 Montfaucon.
1084 1547 1118 1580 Β.
1128 1545 1206 1582 bibl.
1223 1548 1334 1582 MSSr.
1352 1548 1377 1582 1.
1397 1560 1427 1595 p,
1446 1553 1512 1590 ⁶84.
1531 1546 1569 1584 C.
1594 1567 1632 1574 --
1664 1549 1776 1583 Paris.

39 1597 76 1630 in
101 1591 178 1630 eod.
193 1595 276 1635 Bibl,
293 1595 383 1644 publ.
407 1596 640 1631 MMCCXXI.
667 1607 716 1630 nr.
734 1605 766 1637 4.
819 1596 892 1631 Nili
914 1609 1007 1645 capp.
1032 1595 1072 1631 ad
1095 1596 1301 1633 sobrietatem
1322 1597 1559 1634 adhortatorie.
1585 1618 1622 1626 -—
1650 1602 1682 1634 in
1705 1597 1776 1634 cod.

37 1644 312 1683 MLV1.ascetica
330 1658 381 1681 22.
409 1666 448 1672 --
503 1646 619 1681 Venet.
647 1649 682 1682 in
706 1645 781 1682 cod.
804 1647 946 1682 Nanian.
972 1650 1069 1685 CLX.
1095 1662 1145 1683 nr.
1172 1660 1218 1684 12.
1245 1649 1286 1684 de
1310 1651 1493 1685 virtutibus:
1520 1654 1582 1686 inc.
1609 1652 1777 1700 τέσσαρές

37 1694 114 1736 οἷσιν
131 1694 270 1747 οἱςετοᾷ·
297 1713 327 1734 ν.
342 1707 402 1734 cat.
422 1695 520 1732 codd.
536 1711 585 1746 gr.
604 1699 745 1733 Nanian.
759 1711 792 1746 p.
808 1699 876 1740 361.
903 1718 941 1724 —-
997 1700 1178 1735 Vindobon.
1194 1703 1228 1735 in
1246 1699 1320 1736 cod.
1346 1700 1460 1736 caesar.
1488 1704 1711 1739 CCXXvat.
1727 1715 1776 1738 nr.

39 1761 71 1795 9.
92 1752 197 1798 capita
213 1748 375 1800 quaedam
393 1747 546 1794 ascetic33
575 1762 611 1784 ea
630 1759 740 1784 tamen
764 1749 805 1784 ab
832 1750 902 1785 aliis
922 1751 1068 1800 Euagrio
1093 1750 1252 1792 adtribui,
1290 1755 1322 1787 in
1343 1756 1493 1801 margine
1519 1764 1670 1794 notatur,
1699 1754 1777 1789 teste

37 1803 223 1839 Lamhecm,
254 1810 435 1836 comment.
452 1803 492 1835 V.
508 1813 541 1848 p.
563 1812 634 1845 190.
687 1799 749 1836 Sed
767 1799 978 1836 asceticorum
994 1811 1100 1849 partes
1124 1801 1314 1850 frequenter
1339 1816 1511 1840 occurrere
1532 1807 1565 1839 in
1590 1805 1690 1839 codd.
1714 1809 1776 1840 iam

35 1851 129 1900 supra
146 1852 187 1886 ad
205 1866 253 1888 nr.
272 1853 329 1888 IV.
345 1851 506 1887 vidimus:
533 1865 594 1887 nec
610 1850 735 1901 semper
750 1855 782 1886 in
798 1853 954 1901 catalogis
971 1856 1031 1889 rite
1046 1852 1298 1901 distinguuntur.
1323 1856 1518 1890 Germanice
1533 1860 1626 1891 vertit
1643 1856 1775 1902 Gottfr.

36 1903 169 1940 Arnola'
186 1906 237 1940 in:
258 1903 450 1940 Denkmahl
468 1901 523 1938 des
540 1903 628 1939 alten
638 1903 902 1940 Chrissemhums
920 1914 982 1942 etc.
995 1905 1223 1948 Goslar.1720.
1242 1911 1272 1945 8.
1290 1904 1409 1941 ed.lv.
1426 1907 1510 1955 Lips.
1532 1919 1621 1951 ¹740·
1639 1913 1669 1948 8.

201 2001 242 2023 ιυ.
271 1988 332 2024 Ad
342 1988 525 2037 Agathium
539 1990 720 2025 monachum
735 1990 772 2024 cle
787 1992 905 2025 virtute
918 1991 1044 2025 tolenda
1059 1997 1089 2025 et
1111 1993 1190 2026 vitio
1200 1991 1382 2039 fugiende,
1408 1992 1448 2026 ad
1474 1992 1667 2041 exemplum
1684 1994 1774 2029 Peri-

26 2040 167 2088 steriac,
200 2038 258 2087 (de
274 2054 336 2090 qua
352 2055 381 2075 v.
397 2041 523 2076 Suares.
539 2054 570 2088 p.
589 2043 678 2086 596)
693 2040 887 2077 clarissimae
902 2042 959 2077 illa
973 2051 1075 2077 aetate
1094 2053 1280 2077 matronae:
1307 2056 1357 2091 gr.
1375 2053 1407 2077 et
1421 2043 1476 2078 lat.
1493 2046 1525 2078 in
1546 2044 1680 2079 §um-esu·
1697 2048 1773 2078 edit.

33 2105 65 2140 p.
85 2099 134 2137 85.
152 2091 196 2140 sq.
214 2093 271 2130 lat,
290 2095 323 2128 in
342 2092 417 2126 bibl.
437 2094 567 2127 Parrum
586 2092 692 2141 Lugd.
709 2103 792 2127 tom.
811 2105 860 2136 27.
877 2099 910 2141 p'.
928 2100 993 2136 183.
1021 2112 1059 2119 -·—
1087 2095 1123 2128 ln
1141 2092 1216 2129 cod.
1236 2095 1317 2130 Gale
1331 2108 1381 2129 nr.
1399 2096 1774 2131 MMMMMCMLIV.

33 2154 96 2179 cat.
115 2144 212 2179 codd.
232 2145 370 2193 Angli-ae
385 2155 445 2179 erc.
467 2153 549 2178 tom.
567 2146 608 2178 11.
631 2145 742 2182 Paris.
759 2147 792 2179 in
807 2147 841 2180 B.
859 2145 947 2192 publ.
973 2144 1048 2180 cod.
1068 2147 1198 2181 MLm.
1225 2165 1263 2170 -
1289 2149 1322 2180 in
1346 2146 1421 2180 cod.
1449 2147 1580 2182 coislin.
1598 2149 1686 2181 Ctx.
1710 2145 1774 2182 fol.

32 2195 86 2234 62,
104 2209 132 2228 v.
156 2196 338 2241 Montfauc.
358 2195 389 2229 B.
407 2194 502 2230 Coisl
530 2207 561 2241 p.
579 2200 648 2237 184.
665 2198 720 2244 qui
734 2199 776 2230 ita
792 2199 885 2231 citat:
912 2197 982 2232 Ntli
999 2199 1042 2231 nd
1057 2196 1238 2244 Agatliium
1255 2200 1292 2231 de
1313 2199 1393 2231 viris
1415 2204 1446 2231 et
1471 2199 1668 2238 mulieribus,
1695 2211 1774 2244 qvae

31 2248 86 2282 deu
94 2249 308 2293 placuerunt:
332 2260 396 2282 mc.
408 2254 485 2281 veto
498 2249 609 2288 etiam,
641 2257 672 2282 vt
688 2246 771 2283 liber
786 2247 826 2282 de
845 2250 963 2285 virtute
975 2248 1115 2283 colenda
1128 2260 1189 2284 etc.
1203 2247 1287 2287 ἔθος
1303 2247 1484 2297 ἕχοντίμοι
1497 2245 1547 2287 τοὶ
1562 2250 1688 2288 πολλοὶ
1704 2247 1772 2287 τοὶς

1009 2300 1034 2335 Β
1057 2310 1074 2341 3
1619 2300 1770 2351 undem·

76 2407 114 2449 b.)
136 2418 165 2439 v.
181 2415 283 2438 notam
299 2405 433 2438 anteced.
