2023 2656
38 165 103 194 Vol·
117 165 164 192 tx.
182 165 356 212 ranst-373
592 164 834 201 CENSVRAE
859 163 1082 202 SVBIECTt.
1299 165 1372 202 Lib.
1388 164 1642 205 VnXXXV.
1693 177 1757 212 747

29 263 69 298 ab
86 259 204 298 illustri
220 259 325 295 Panlo
339 256 526 309 Vindingio
550 257 666 295 nactus
687 258 749 295 sim
771 262 955 308 integram,
982 262 1074 295 iuuat
1086 259 1178 296 illam
1194 259 1354 297 hocloco
1369 270 1497 307 tecum,
1530 260 1636 297 lector
1655 260 1750 296 bene-

29 314 124 359 vole,
164 312 423 349 communicare.
464 313 560 347 Fabr.
638 313 713 359 Ego
738 324 818 347 vero
842 315 877 347 in
899 323 989 345 noua
1017 313 1080 348 hac
1100 312 1175 348 bibl.
1201 325 1251 361 gr.
1277 311 1357 349 edit.
1383 315 1574 348 Xenocratis
1601 312 1750 349 libellum

26 377 68 400 eo
85 367 192 413 magis
207 362 287 398 duxi
302 361 524 398 omittendum
535 393 545 409 ‚
572 361 666 412 quod
685 373 717 398 et
732 363 869 398 infinitis
883 360 1013 398 mendis
1027 361 1142 405 scatet,
1169 362 1279 400 iudice
1294 365 1452 406 Franzio,
1480 365 1579 400 ethic
1592 378 1630 400 ac
1641 364 1754 413 postea

26 417 204 452 Caietanus
218 413 259 450 de
275 414 411 449 Ancora
427 427 504 450 eum
519 414 627 450 multo
646 417 786 449 curatius
808 411 1001 459 ediderunt,
1034 413 1196 466 docteque
1217 414 1427 452 illustrarunt.
1480 417 1623 451 Franzii
1648 414 1752 451 editio

25 465 180 516 inscripta
192 464 256 501 est:
281 464 501 514 Ξενοκράτες
520 466 596 516 περὶ
620 465 682 509 τῆς
699 463 772 504 εἰπὲ
789 462 921 516 ἐνύδρων
937 466 1084 515 τροφῆς·
1110 479 1186 503 cum
1201 466 1301 502 latina
1315 468 1584 515 interpretatione
1599 469 1649 503 Io.
1663 468 1753 516 Bapt.

26 517 153 556 Rasarii
168 528 199 553 et
214 520 319 553 Conr.
335 517 469 554 Gesneri
483 516 631 559 scholiis,
661 531 751 561 nunc
774 520 922 567 primum
935 519 1114 567 integritati
1130 518 1284 559 restituit,
1311 522 1466 554 varietate
1479 518 1632 555 lectionis
1648 521 1751 554 anim-

25 569 342 619 aduersionibusque
363 568 536 605 illustrauit
558 577 656 617 atque
682 567 877 618 glossarium
899 566 1018 604 adiecit
1038 571 1090 604 lo.
1105 571 1227 618 Georg.
1244 570 1336 605 Frid.
1353 572 1533 606 Franzius.
1558 567 1643 618 Lips.
1658 581 1750 613 1774,

21 629 60 662 8.
86 626 163 667 (et,
187 633 264 657 cum
281 632 374 656 nouo
391 618 503 656 forsan
519 630 649 657 tantum
665 621 783 662 titulo,
811 622 853 660 ib.
873 632 963 664 1779.
981 624 1037 662 8.)
1063 641 1113 647 —
1165 621 1279 657 Multo
1294 630 1404 658 tamen
1418 621 1619 657 limatiorem
1635 620 1751 656 editio.

25 687 106 710 nem
128 674 255 708 curauit
272 671 415 708 Caietan.
440 674 477 707 de
497 671 630 708 Ancora
657 674 738 721 (qui
751 675 785 707 in
800 669 905 721 praef.
926 685 958 720 p.
974 673 1065 708 VIII.
1083 681 1114 707 et
1132 673 1189 708 IX.
1213 672 1316 708 multa
1340 673 1452 722 culpat
1473 676 1508 708 in
1530 673 1659 708 Franzii
1678 670 1750 707 edi-

25 726 144 770 tione).
171 723 343 772 Inscriptio
352 725 431 759 haec
440 724 496 759 est.
519 720 740 773 Ξενοκράτη
753 743 804 749 -
829 725 1023 759 Xenocratis
1039 722 1080 759 de
1093 724 1251 760 alimento
1268 736 1308 759 ex
1324 723 1530 774 aquatilibus,
1555 737 1632 759 cuin
1651 723 1750 759 latina

26 779 298 826 interpretatione
321 777 371 810 Io.
394 777 486 824 Bapt.
506 773 645 816 Κεῖαι-Εἰ,
680 772 815 811 scholiis
837 774 988 811 Conradi
1003 774 1150 816 Gesneri,
1178 784 1211 811 et
1230 776 1316 811 notis
1331 772 1466 825 integris
1485 778 1535 811 Io.
1551 773 1637 810 Frid.
1653 776 1750 812 Fran-

25 832 81 865 zii.
132 825 304 864 Accedunt
318 839 426 863 nouae
440 830 598 863 variantes
610 826 699 864 iecit.
713 841 753 862 ex
768 825 867 862 codd.
883 828 981 864 MSS.
999 825 1210 875 depromtae,
1238 837 1270 862 et
1283 826 1583 863 animaduersiones
1592 829 1747 862 Diaman-

25 885 66 917 tis
82 880 197 925 Coray
215 892 306 915 nune
322 882 471 927 primum
487 877 613 921 editae3
640 882 786 928 itemque
800 876 958 918 adnotatt,
973 881 1007 914 in
1028 879 1218 924 auctorem,
1236 912 1237 915 ,
1252 877 1471 914 additamenta
1497 882 1534 914 in
1557 876 1750 927 glossarium

23 933 170 971 Fannii,
196 929 392 966 hodiernam
414 931 684 980 ichthyologiam
701 929 909 973 illustrantia,
933 940 965 966 et
979 929 1162 966 lucubratio
1182 928 1223 965 de
1242 928 1380 979 piscium
1395 927 1449 965 esu
1464 928 1610 968 Caietani
1626 930 1663 965 de
1677 928 1749 965 An-

25 997 110 1020 cora.
134 981 279 1030 Neapoli
296 993 390 1025 ¹794.
411 985 498 1030 typis
513 985 629 1030 regiiS,
655 984 732 1020 mai.
747 987 779 1021 8.
810 984 849 1017 In
866 979 1084 1030 praefationis
1097 982 1213 1017 limine
1230 983 1419 1018 Xenocratis
1436 984 1538 1017 vitam
1553 990 1688 1017 enarrat.
1699 1000 1750 1006 -

23 1035 173 1082 Margini
186 1033 401 1081 exemplaris,
426 1032 578 1082 quod'cl.
593 1036 683 1070 Lenz
705 1046 838 1069 mecum
855 1036 1135 1074 communierunt,
1162 1031 1339 1082 adscriptae
1359 1030 1433 1069 sunt
1453 1034 1557 1068 variae
1578 1032 1750 1076 lectiones,

24 1095 214 1135 excerptae,
242 1087 310 1130 (vti
326 1085 365 1119 ab
381 1086 477 1120 initio
494 1083 690 1121 adnotatum
705 1083 794 1129 est‚)
821 1097 861 1120 ex
877 1086 1073 1134 apographo
1096 1086 1195 1120 huius
1218 1084 1388 1133 opusculi,
1422 1082 1516 1134 quod
1540 1081 1646 1130 seruat
1670 1083 1748 1119 bibl.

22 1141 193 1176 lohannea
207 1135 469 1185 Hamburgenfis
485 1138 571 1172 inter
584 1138 682 1174 MSS.
697 1139 733 1171 in
749 1134 809 1171 fol.
828 1149 880 1172 nr.
897 1143 951 1180 87.
974 1149 1056 1187 quae
1068 1166 1078 1183 ‚
1104 1133 1130 1171 fi
1145 1138 1324 1186 temporis,
1350 1134 1441 1187 spatii
1455 1145 1487 1173 et
1510 1135 1646 1172 instituti
1665 1137 1750 1171 ratio

21 1185 235 1241 permiliss'et‚
259 1187 410 1223 lubenter
422 1189 458 1224 h.
472 1187 495 1223 l.
520 1186 743 1238 reposuiffem.
769 1188 869 1224 Harl.

107 1293 164 1339 UH
192 1293 322 1328 CCXX.
354 1292 489 1326 Theonis
501 1291 653 1327 archiatri
666 1289 881 1328 Alexandrini
903 1287 1090 1340 ἅνθρωπος
1104 1289 1172 1326 siue
1190 1292 1314 1338 Homo,
1346 1290 1430 1328 liber
1450 1289 1598 1327 medicus
1621 1286 1752 1340 pridem

23 1344 231 1395 deperditus,
255 1344 296 1379 de
310 1342 460 1378 curandis
478 1345 630 1391 corporis
645 1343 781 1378 humani
798 1343 943 1384 moi-bix,
969 1342 1011 1377 ad
1029 1342 1273 1378 Theocritium.
1325 1344 1392 1378 Hic
1405 1343 1488 1378 mihi
1504 1341 1636 1378 videtur
1657 1338 1753 1375 fuisse

31 1400 135 1434 lecnsi
156 1397 322 1437 medicus,
350 1406 450 1443 quern
463 1395 499 1429 in
516 1394 642 1430 Galatia
656 1407 812 1443 magnam
830 1391 955 1429 famam
970 1391 1025 1429 sua
1042 1403 1144 1429 aetate
1157 1391 1403 1443 consequutum
1422 1391 1486 1429 ess'e
1507 1392 1617 1430 scribit
1640 1393 1753 1428 Euna-

17 1452 94 1499 pim
116 1452 152 1484 in
170 1448 300 1483 lonico.

190 1533 340 1569 CCXXI.
367 1529 503 1566 AETII
531 1526 682 1564 Amideni
700 1528 842 1571 βιβλίον
863 1528 1033 1580 ἷοιτςικὲν,
1060 1542 1139 1576 opus·
1154 1529 1326 1570 medicum,
1352 1528 1442 1563 libris
1458 1527 1565 1564 XVI.
1589 1526 1681 1578 quod
1703 1531 1754 1564 ῶ-

24 1598 97 1625 tum
114 1584 215 1621 exstat
229 1596 345 1632 graece
359 1584 495 1619 MStum
512 1584 547 1616 iu
561 1583 656 1615 variis
673 1581 901 1622 bibliothecis,
929 1592 1037 1617 totum
1060 1585 1158 1616 etiam
1181 1580 1282 1616 latine
1303 1580 1414 1615 lucem
1437 1578 1538 1622 vidit3
1571 1583 1697 1628 priores
1714 1579 1752 1616 li-

23 1642 74 1676 bri
89 1640 182 1675 VIH.
205 1633 312 1671 solum
327 1646 443 1684 graece
459 1631 548 1668 editi.
599 1630 704 1676 Vide,
730 1645 814 1682 quae
830 1633 873 1667 de
890 1633 958 1668 hoc
973 1630 1130 1682 scriptore
1147 1632 1212 1668 vol.
1227 1631 1321 1668 V111.
1341 1632 1437 1667 huius
1453 1630 1531 1666 bibl.
1550 1644 1582 1679 p.
1599 1643 1667 1675 319,
1683 1629 1748 1682 seq.

27 1689 120 1740 [vol.
137 1690 188 1727 ΙΧ,
212 1701 244 1736 p.
261 1693 335 1726 228.
351 1683 420 1735 sqq.
437 1699 470 1720 n.
486 1683 562 1729 ed.]
589 1683 642 1718 vbi
661 1686 759 1719 etiam
779 1684 877 1719 habes
899 1682 1042 1719 indicem
1067 1682 1284 1732 scriptorum,
1318 1696 1337 1718 e
1351 1683 1468 1731 quibus
1487 1685 1601 1718 A'c'tius
1624 1682 1752 1732 insigne

25 1755 110 1792 opus
128 1739 222 1777 suurn
238 1739 394 1785 collegit,
421 1733 515 1786 quod
530 1733 729 1771 Oribafianis
743 1732 939 1782 synopsibus
957 1733 1121 1784 praeferre
1135 1736 1272 1771 Photius
1298 1747 1371 1769 non
1393 1732 1539 1777 dubitat,
1576 1733 1637 1770 nisi
1659 1731 1754 1784 quod

24 1798 60 1832 in
76 1788 439 1840 ἑβδομηκονταβίβλῳ
461 1786 516 1824 sua
533 1785 701 1823 Oribafius
714 1790 899 1823 anatomica
916 1785 1101 1823 adcuratius
1116 1785 1330 1836 persequutus
1347 1783 1419 1821 fuit.

194 1896 359 1932 CCXXII.
388 1894 470 1928 Iobii
483 1890 658 1932 monachi,
686 1890 720 1923 in
738 1892 866 1925 oriente
880 1889 957 1925 clari
972 1889 1045 1938 post
1069 1886 1238 1935 synodum
1261 1885 1566 1924 Chalcedonensem
1588 1897 1662 1924 ante
1684 1888 1752 1924 He·

27 1948 168 1988 racliana
181 1961 218 1983 ac
231 1943 535 1983 monotheletarum
551 1952 726 1990 tempora,
752 1940 904 1990 adeoque
927 1943 1011 1977 circa
1033 1939 1112 1976 sexti
1137 1942 1226 1975 initia
1248 1938 1433 1984 saeculim
1458 1938 1639 1987 οἰκονομικὴ
1660 1954 1752 1989 neot-

28 1998 205 2050 γματρίοι,
228 2011 312 2047 opus
329 1995 370 2032 de
386 1996 480 2030 variis
494 1995 729 2029 oeconomiam
746 1991 813 2027 siue
828 1995 1088 2028 incarnationem
1097 1991 1215 2027 Christi
1233 2001 1264 2026 et
1279 1990 1447 2027 ecclesiam
1463 1990 1669 2026 christianam
1686 1990 1754 2039 spe-

0 2023 1 2101 l
27 2053 187 2091 &antibus
208 2048 450 2101 quaestionibus
471 2046 526 2091 ⁴¹),
567 2041 707 2080 diuisum
732 2047 767 2079 in
790 2044 894 2080 libros
917 2045 974 2081 IX.
998 2046 1114 2129 εεὲἰὲἷ
1124 2044 1221 2129 ξζν.
1249 2056 1290 2078 ex
1311 2043 1429 2092 quibus
1450 2041 1753 2141 prolixaffixicziflpta

1203 2105 1221 2127 2
1603 2107 1618 2136 ξ
1718 2105 1752 2128 ο-

0 2105 1 2193 i

0 2215 2 2249 Ι
70 2223 116 2265 ρ)
139 2221 289 2260 Elegantia
303 2219 417 2257 ingenii
434 2216 613 2258 scriptorem
631 2226 692 2244 non
711 2222 810 2245 tamen
822 2225 873 2245 an·
918 2216 1059 2245 ccxxss.
1082 2220 1112 2262 et
1132 2214 1288 2260 ccxxm.
1311 2210 1414 2262 dedit,
1447 2222 1481 2242 ea
1501 2211 1631 2243 seorsum
1653 2222 1752 2242 excer-

0 2281 2 2294 ι
28 2267 245 2310 tiquiffimum.
273 2265 326 2305 qui
348 2260 452 2303 paullo
475 2268 544 2289 ante
568 2266 706 2308 tempora
727 2259 872 2288 Photiana
917 2266 967 2299 pta
990 2257 1054 2286 sunt
1086 2267 1116 2286 ιιι
1146 2255 1214 2286 cod.
1238 2255 1369 2307 Γναίου.
1397 2257 1549 2287 ccxixi.
1574 2266 1619 2285 ur.
1649 2265 1696 2292 14.
1722 2265 1752 2287 v-

1 2316 3 2336 ι
29 2311 157 2345 vixerit,
180 2306 313 2348 adpellat
335 2303 421 2337 Rich.
442 2303 655 2333 Montacutius
678 2312 709 2343 p.
726 2311 773 2339 ²7·
793 2304 871 2331 Ana·
915 2299 1057 2331 Lambec.
1075 2306 1236 2328 comment.
1252 2301 1291 2346 N.
1313 2309 1339 2339 p.
1355 2304 1415 2334 418-
1432 2299 1472 2339 sq,
1495 2298 1590 2329 Harl,

0 2348 3 2390 J
28 2354 95 2386 tea.
120 2351 240 2383 Ionium
259 2348 344 2379 malit
365 2345 513 2389 adpellari
540 2345 645 2376 Vales.
666 2343 702 2373 ad
721 2343 824 2374 Euseb.
842 2355 872 2385 p.
958 2345 1002 2384 q)
1025 2346 1061 2373 V.
1081 2352 1107 2379 g.
1131 2351 1224 2382 qnare
1248 2340 1327 2370 tilius
1352 2343 1432 2376 DEI,
1463 2349 1492 2371 ct
1514 2352 1574 2370 non
1597 2348 1681 2380 pater
1704 2340 1751 2369 vel

1 2409 3 2437 ι
29 2407 74 2436 39.
103 2394 201 2428 Fabr.
245 2408 287 2418 -
352 2394 438 2428 Quae
468 2389 593 2420 Photius
620 2389 653 2418 in
682 2388 741 2418 hoc
764 2385 872 2417 codice
914 2385 1035 2428 spirituo
1058 2387 1082 2415 S.
1113 2385 1285 2415 incarnatus
1314 2382 1424 2414 fuerit!
1461 2394 1553 2425 quare
1573 2385 1652 2414 filiun
1678 2383 1751 2414 Dei?

2 2450 3 2459 1
1688 2435 1750 2456 nou
