2023 2656
10 147 250 203 ¹*retiner-sss
442 147 727 189 scmPToREs
755 147 816 185 DE
843 133 1037 183 s'ANeTts
1065 147 1221 183 ocem.
1341 146 1413 184 Lib.
1431 145 1672 184 V.c.XXJX.
1725 158 1778 193 15⁵

56 283 59 285 ,
144 245 316 294 Antwerp.
331 245 416 289 1613.
432 253 494 281 ete.
546 246 589 281 Et
604 257 680 280 cum
695 243 929 294 geographicis
948 241 1065 277 tabulis
1081 249 1114 276 et
1126 242 1216 276 notis
1227 253 1287 290 per
1301 241 1520 291 Augzstinzcrti
1536 243 1696 278 Lubinum
1713 242 1776 279 Paa

86 324 94 327 »
142 294 195 334 ris.
212 299 302 332 1661.
319 308 353 340 4.
388 298 534 343 Philippi
551 299 698 334 Etr-rarii
720 306 810 332 noua
831 294 1053 343 topographia
1076 296 1112 328 in
1135 293 1419 343 martyrologium
1442 307 1632 330 romanum.
1657 296 1773 335 Venet,

142 350 240 393 1609.
257 359 290 392 4.
341 347 500 383 Eiusdem
523 348 692 398 catalogus
708 348 904 383 Sanctorum
924 348 981 395 qui
1003 348 1036 380 in
1058 344 1304 392 martyrologio
1327 358 1469 381 romano
1490 359 1562 381 non
1585 345 1669 382 sunt.
1694 346 1774 383 ibid.

142 401 231 444 1625.
240 410 273 443 4.
299 400 406 435 Lucae
421 399 581 445 Holstenii
594 398 894 436 animaduersiones
910 397 948 433 ad
960 398 1093 433 Baronii
1108 396 1393 446 martyrologium
1411 395 1560 444 prodiere
1574 396 1669 433 Paris.
1679 399 1773 442 1664,

141 457 175 490 8.
209 453 291 487 Non
305 464 410 500 pauca
423 449 576 487 aduersus
593 462 742 487 veterum
757 449 1083 497 martyrologiorum
1098 446 1200 482 fidem
1214 461 1232 481 a
1249 446 1413 484 Galefinio
1437 446 1553 484 inserta
1577 447 1640 484 esse
1662 459 1692 483 et
1714 452 1773 486 Ba-

138 504 238 539 ronio
249 529 259 544 ,
287 513 382 538 notat
397 506 447 542 Io.
465 506 632 539 Launoius
649 503 684 537 in
698 501 899 537 discussione
916 499 1135 549 responfionis
1149 498 1191 534 de
1204 497 1333 534 duobus
1342 497 1513 540 Dionysus
1534 514 1603 549 cap.
1613 512 1644 542 7.
1670 502 1774 538 Fabr.

139 554 266 590 Petrus
281 555 459 605 Galqfinius
470 556 550 590 hinc
567 553 646 590 inde
661 557 696 589 in
713 551 803 589 suam
820 552 1055 601 martyrologii
1071 547 1359 597 romeditionem
1375 551 1558 593 transtulit,
1593 565 1675 600 quae
1693 551 1770 588 fidei

140 615 290 641 veterum
307 605 632 654 martyrologiorum
650 602 881 647 aduersantur,
906 618 936 638 v.
955 617 982 640 c.
1010 604 1106 639 verba
1124 601 1354 647 Chrysossomi
1377 603 1488 646 (hom.
1505 614 1536 646 4.
1560 601 1600 638 de
1620 604 1770 649 Lazaro),

137 654 206 705 Ka)
221 652 395 707 ξυνωξίὸοὲ
411 658 479 696 τῶν
494 656 602 702 οἱ-γίων
617 652 801 707 μαρτύρων
828 660 875 697 (et
897 658 987 705 bigae
996 655 1186 703 sanfflorum
1204 662 1395 704 martyrum,
1422 669 1455 690 n.
1471 656 1633 690 quentini
1653 664 1683 689 et
1697 657 1774 691 Ma-

139 711 257 753 ximi,)
282 707 432 756 peruerse
445 709 623 751 intellexit,
653 712 824 758 opinatus,
845 707 1045 744 vocabulum
1060 703 1229 757 ξυνωςίὸος
1244 706 1430 755 significare
1445 719 1570 743 nomen
1593 709 1771 755 proprium

139 761 276 807 virginis
292 757 460 795 cuiusdam
470 762 717 804 Antiochenae3
744 759 799 802 id,
827 758 921 809 quod
935 763 1034 795 etiam
1051 762 1209 795 Batonius
1223 762 1258 794 in
1272 756 1334 794 suis
1343 760 1394 795 M.
1404 760 1444 794 R.
1460 756 1662 793 editionibus
1679 761 1774 806 prio-

139 809 227 846 ribus
242 809 448 858 adfirmauit3
475 811 692 860 postmodum
704 825 784 848 vero
804 825 822 846 a
834 812 968 847 Nicolao
981 813 1090 848 Fabi-0
1106 810 1242 859 aliisque
1257 813 1368 845 amicis
1383 810 1502 845 melius
1516 809 1654 844 edoc‘kus
1664 835 1674 850 ‚
1703 808 1771 846 edi.

135 863 261 904 tiones,
288 876 371 913 quae
383 865 593 911 Sytaoriderm
620 866 791 914 tamquam
813 876 940 899 nomen
964 865 1138 912 proprium
1159 865 1311 906 martyris
1332 874 1408 911 prae
1429 860 1460 896 se
1485 859 1617 901 ferunt,
1644 858 1771 910 suppri-

141 925 232 950 mere
254 917 348 950 omni
363 913 471 950 studio
489 914 711 951 adlaborauit:
738 914 929 952 cuiusmodi
951 914 1114 950 editiones
1143 911 1217 949 sunt
1236 916 1391 949 Romana
1414 914 1502 957 1586.
1517 910 1598 953 fol„
1626 915 1770 949 Venetae

144 971 276 1010 1587.4.
297 976 328 1001 et
345 977 494 1011 13924„
522 966 779 1016 Antverpiensis
798 965 957 1012 1589.fol.
981 976 1118 1015 propter
1134 968 1297 1001 raritatem
1315 964 1458 1013 insignes
1477 978 1517 999 ex
1531 962 1637 998 adlata
1655 963 1770 1000 causs'a.

140 1019 180 1051 In
198 1016 348 1053 editione
366 1018 562 1055 Coloniensi
580 1021 670 1062 1603.
687 1032 780 1055 error
795 1018 930 1068 quidem
947 1016 988 1052 de
1003 1017 1170 1064 Synoride
1187 1029 1255 1052 non
1275 1017 1427 1051 obuenit:
1452 1026 1596 1051 attamen
1609 1018 1643 1050 in
1660 1015 1771 1052 indice

137 1067 278 1116 legitur:
306 1070 492 1117 Xynorides
505 1078 640 1118 martyr.
664 1070 849 1111 Antiochiae
871 1082 888 1104 2
900 1083 922 1112 ,ι.
941 1072 1014 1104 Ian.
1068 1066 1171 1104 Cous.
1187 1070 1282 1116 Jttig.
1301 1066 1341 1102 de
1358 1067 1510 1102 biblioth.
1527 1076 1559 1102 et
1572 1070 1692 1103 catenis
1713 1081 1771 1116 pa·
1811 1071 1818 1076 '

139 1127 250 1160 trum,
274 1120 357 1169 Lips.
375 1133 466 1164 1707.
486 1128 518 1161 8.
544 1135 618 1171 pag.
634 1123 701 1166 156.
721 1132 786 1167 157.
814 1131 846 1156 et
864 1122 1021 1157 Dallaeus
1035 1118 1077 1156 de
1092 1118 1147 1156 vsu
1165 1122 1313 1161 Parrum,
1341 1121 1496 1155 Geneuae
1511 1120 1600 1163 1656.
1621 1132 1697 1168 pag.
1713 1131 1770 1164 97.

141 1170 254 1206 Editio
270 1174 392 1216 Lubini
414 1172 459 1205 est
476 1186 612 1221 quoque
627 1176 762 1220 repetita
778 1171 874 1207 Paris.
894 1175 985 1216 1679.
1005 1184 1036 1215 4.
1070 1171 1144 1208 Alia
1158 1182 1322 1220 praeterea
1344 1170 1446 1205 editio
1469 1169 1632 1219 Parifiens.
1659 1171 1704 1206 est
1728 1170 1771 1207 de

140 1234 230 1257 anno
248 1223 329 1265 1613.
384 1224 555 1271 Qoniam
576 1225 739 1258 Barom‘us
755 1226 843 1258 varia
860 1224 982 1258 obtulit
995 1221 1177 1270 culpanda,
1205 1222 1335 1271 virgula
1350 1220 1498 1257 censoria
1513 1219 1672 1257 ferierunt
1691 1235 1770 1258 eum

139 1274 228 1308 inter
243 1274 325 1308 alios
342 1276 407 1310 iam
430 1276 545 1310 citatos
569 1275 653 1310 Dor.
675 1275 861 1310 Ruinartus
882 1277 918 1309 in
939 1274 1073 1309 historia
1096 1271 1356 1323 persequutionis
1379 1272 1578 1308 Vandalicae
1602 1286 1676 1321 pag.
1694 1274 1771 1313 268.

142 1325 301 1361 Dallaeus
315 1325 338 1361 l.
355 1340 383 1361 c.
399 1339 476 1375 pag.
492 1332 620 1371 95-98.
647 1323 751 1373 Qod
767 1329 880 1361 attinet
897 1324 937 1360 ad
955 1325 1238 1374 martyrologium
1255 1337 1434 1360 romanum
1453 1325 1580 1360 Vrbani
1596 1325 1699 1360 VIII.
1715 1338 1773 1360 au-

140 1375 292 1412 &oritate
308 1380 537 1427 recognitum,
564 1390 643 1413 cum
658 1376 888 1413 additamentis
905 1378 1060 1413 selorum
1073 1377 1198 1427 Belgii,
1225 1390 1304 1413 cura
1318 1377 1475 1412 Balduini
1494 1376 1643 1414 WHah,
1669 1378 1774 1413 Mon.

142 1427 229 1463 tibus
247 1430 333 1471 1641.
351 1435 382 1468 8,
408 1439 441 1465 et
459 1443 537 1465 cum
552 1427 787 1465 acceffionibus
801 1440 973 1466 nouorum
988 1431 1144 1465 Sdtorurn
1162 1443 1179 1464 a
1192 1430 1362 1465 Dominico
1376 1429 1506 1466 Μαιεν,
1530 1429 1661 1463 Rornae
1680 1430 1775 1469 1668.

140 1490 175 1522 4.
200 1477 257 1526 [de
273 1492 342 1529 quo
358 1479 434 1516 vide
449 1482 603 1517 Diarium
618 1479 827 1518 eruditorum
851 1495 1001 1524 nouum,
1035 1481 1141 1517 italice
1165 1480 1291 1516 editum
1312 1495 1341 1516 a.
1358 1481 1452 1520 1668.
1475 1492 1551 1528 pag.
1568 1491 1630 1515 121.
1657 1480 1773 1526 Har-L]

142 1533 222 1566 item
239 1545 316 1567 cum
334 1533 451 1568 titulo:
483 1534 718 1581 I'Aartyrologii
732 1536 857 1569 romani
875 1535 1030 1582 Gregorii
1042 1535 1147 1568 XIII.
1168 1531 1249 1579 iuffic
1266 1533 1364 1570 editi‚·
1392 1531 1434 1568 V
1427 1533 1518 1566 rbani
1536 1531 1640 1569 VIII,
1659 1538 1689 1566 et
1704 1530 1773 1567 Cle-

141 1585 256 1618 mentis
270 1584 317 1620 X.
338 1584 529 1620 auam-itate
545 1587 717 1633 recogniti,
741 1598 826 1621 noua
843 1586 939 1620 editio
953 1599 973 1620 a
987 1585 1159 1620 Benedifi‘o
1171 1582 1282 1620 XIV.
1308 1583 1401 1618 αιιὲἶα
1416 1590 1446 1618 et
1461 1582 1633 1630 castigata,
1660 1585 1693 1617 in
1708 1595 1773 1630 qua

141 1636 297 1670 normulla
311 1637 499 1671 Sanam-am
517 1639 662 1678 nomina,
688 1638 722 1672 in
744 1639 934 1683 praeteritis
955 1637 1023 1672 edd.
1045 1634 1150 1683 omiffiz
1173 1635 1394 1681 ficpplcntur,
1412 1635 1475 1669 alia
1493 1637 1565 1669 item
1582 1634 1725 1669 sitorum
1742 1642 1774 1670 et

141 1685 318 1722 Beatorum
335 1690 462 1723 nomina
477 1700 516 1724 ex
532 1690 657 1736 integro
674 1690 888 1731 adducuntur,
915 1690 1007 1723 iuxta
1026 1688 1184 1733 exemplar
1199 1687 1317 1721 Romae
1330 1685 1520 1732 impr-affirm,
1547 1685 1672 1722 Colon.
1691 1697 1775 1731 1751.

144 1747 178 1780 4.
204 1750 233 1771 v.
251 1739 332 1773 Acta
354 1738 512 1775 eruditor.
528 1741 618 1784 1756.
640 1753 716 1789 pag.
733 1741 813 1784 690.
865 1741 918 1775 De
940 1739 1117 1775 rarioribus
1139 1736 1229 1774 editt.
1249 1739 1302 1773 M.
1317 1739 1357 1773 R.
1382 1734 1473 1773 conf.
1497 1746 1626 1785 praeter
1646 1739 1776 1783 Sci-pilii

146 1791 359 1825 Verzeichnis
375 1792 501 1839 einiger
515 1804 610 1826 taren
629 1793 753 1827 Biicher
776 1805 850 1840 pag.
867 1802 923 1835 90.
979 1790 1021 1827 V
1016 1793 1097 1837 ogtii
1112 1789 1202 1826 catal.
1217 1789 1307 1824 librr.
1323 1792 1438 1824 rarior.
1454 1802 1530 1837 pag.
1547 1799 1598 1831 73.
1624 1789 1773 1837 Fraytcrg

146 1839 254 1876 Anall.
271 1840 392 1877 literar.
407 1841 448 1877 de
460 1842 550 1878 librr.
570 1843 719 1878 rariorib.
737 1855 813 1891 pag.
826 1853 876 1885 71.
933 1842 1106 1879 Widcliind
1119 1842 1331 1876 Verzeichnis
1348 1853 1414 1875 von
1431 1853 1523 1875 taren
1531 1841 1680 1876 Buchern
1696 1853 1775 1889 pag.

147 1897 214 1934 318.
251 1892 388 1929 Clement
407 1894 561 1929 Biblioth.
589 1890 736 1929 curiense
753 1893 866 1929 histor.
888 1903 919 1929 et
934 1896 1092 1942 critique,
1118 1903 1200 1927 tom.
1218 1892 1261 1926 ΙΙ.
1288 1906 1362 1940 pag.
1379 1899 1454 1935 448.
1482 1894 1566 1927 sixt.
1599 1911 1651 1918 --
1704 1894 1774 1927 Lu-

147 1956 198 1979 cae
213 1943 370 1990 Holstenii
386 1955 540 1981 annotata
562 1945 758 1994 marginalia
781 1944 823 1979 ad
843 1945 1016 1988 martyrol.
1042 1957 1220 1980 romanum
1244 1945 1384 1981 Baro-nii
1403 1942 1489 1978 edita
1512 1943 1585 1979 sunt
1606 1957 1682 1979 cum
1706 1941 1774 1979 Pas-

145 1994 240 2031 sione
255 1997 310 2031 SS.
327 1997 506 2043 Perpetuae
522 2004 554 2031 et
567 1997 762 2037 Felicitatis,
789 2009 829 2031 cx
845 1995 922 2031 edit.
939 1997 1020 2031 Luc.
1034 1995 1204 2042 Holstenii,
1233 2008 1306 2044 pag.
1322 2006 1406 2038 :43—
1417 2006 1486 2037 327.
1514 1992 1609 2030 Paris.
1629 1996 1722 2037 1664.
1742 2000 1774 2034 8.

149 2046 328 2093 Rijmiscs'zes
343 2049 620 2097 Martyrologium
630 2073 640 2090 ‚
664 2051 732 2083 wie
748 2061 780 2083 es
795 2060 862 2082 von
879 2046 955 2082 dem
969 2045 1175 2084 R'o'rnischen
1189 2047 1279 2081 Pabst
1294 2048 1475 2094 Gregorius
1487 2047 1554 2081 dem
1571 2048 1678 2081 XIII.
1706 2049 1776 2081 ein-

146 2099 328 2147 gerichtet.,
356 2112 423 2135 von
446 2101 602 2136 Vrbanm
614 2101 681 2135 dem
700 2100 742 2136 V
735 2100 805 2138 III.
829 2097 898 2134 und
921 2100 1060 2136 Clemens
1075 2099 1141 2133 dem
1156 2099 1204 2136 λ’.
1233 2096 1427 2143 iibersehm,
1449 2110 1515 2132 von
1538 2099 1690 2133 Benedici
1707 2098 1775 2133 dem

149 2149 257 2189 XIV.
283 2148 490 2201 sorgf'a'tltigst
511 2149 684 2186 verbeffert
701 2150 866 2192 worden,
893 2153 978 2186 nach
1000 2150 1076 2186 dem
1102 2147 1308 2185 Rbmischen
1336 2152 1371 2184 in
1395 2147 1614 2185 Lateinischer
1634 2150 1777 2196 Sprache

87 2240 91 2242 ,
145 2203 437 2251 hera'usgegebnen
454 2203 632 2250 Exemplar
648 2206 681 2239 in
704 2201 758 2237 dic
779 2201 1025 2238 hochdeutsche
1046 2199 1225 2244 iibersetzt.,
1252 2199 1332 2237 samt
1348 2198 1574 2250 beygesiigten
1594 2198 1778 2236 besondern

147 2255 422 2302 Martyrologien
445 2252 673 2290 verschiedner
693 2253 1018 2301 Ordensgeisslichen
1039 2262 1100 2288 etc.
1131 2256 1198 2287 wie
1223 2254 1306 2287 auch
1333 2255 1496 2301 nothigen
1518 2253 1780 2300 Anmerkungen

78 2312 85 2315 “
150 2303 256 2341 durch
272 2307 361 2341 Paul
375 2306 570 2353 Schwenger.
597 2305 722 2345 colln,
754 2305 816 2350 bey
835 2307 883 2339 Io.
898 2304 1007 2340 wilh.
1029 2304 1204 2352 Krakamp.
1227 2314 1318 2347 1753.
1341 2314 1375 2346 4.
1428 2307 1532 2340 Antea
1555 2304 1778 2353 martyrolog.

150 2369 329 2393 romanum
343 2360 531 2408 germanice
545 2367 711 2394 verterunt
729 2356 869 2394 Com-ad.
888 2356 1006 2393 Vcttcr
1028 2365 1059 2391 et
1081 2356 1202 2404 Geor-g.
1217 2355 1376 2402 Heserus,
1402 2357 1434 2391 S.
1452 2356 1476 2392 1.
1491 2357 1663 2393 Monachii
1683 2357 1779 2398 1670.

1032 2410 1064 2442 V
1091 2417 1109 2441 2
1639 2410 1781 2445 Vniuer-
