2023 2656
753 157 948 214 SCRIPTA
975 156 1125 193 EDITA
1335 157 1407 196 Lib.
1422 157 1466 197 V.
1487 158 1705 195 c.XXVIIL
1758 158 1796 193 61

237 249 447 298 Σῦνοψιέεις
464 252 522 295 τήν
537 249 756 301 Ἀςιςοτέλες
769 248 929 297 Λογικήν·
959 265 1058 300 quam
1074 263 1189 300 graece
1208 258 1239 284 et
1255 247 1353 285 latine
1369 250 1471 287 edidit
1485 255 1579 289 Elias
1594 254 1794 302 Ehfflgerus,

71 304 235 352 Augustae
251 306 381 342 Vindel.
392 316 478 349 1597.
489 311 518 344 8.
538 307 592 352 qui
609 303 776 344 obstruat,
806 306 889 338 Petri
900 302 1036 351 Hispani
1052 301 1249 338 summulam
1266 315 1387 351 magna
1403 317 1442 338 ex
1460 315 1549 353 parte
1565 319 1605 342 ex
1619 308 1686 341 hoc
1700 304 1795 340 Pl'elli

69 356 228 406 opusculo
244 355 307 392 effe
325 355 467 392 ductam.
521 359 549 391 A
566 356 697 402 Reifem
710 358 744 390 in
761 353 978 390 indic-MSSt.
997 354 1073 390 bibl.
1091 354 1228 404 August.
1243 352 1375 389 Vindel.
1391 368 1422 402 p.
1440 361 1491 399 87.
1509 360 1623 392 citatur
1637 355 1711 395 cod.
1728 359 1794 404 epi-

67 418 158 443 tome
173 408 302 457 logica,
332 411 428 445 initio
446 406 580 447 mutila,
608 406 676 441 fine
694 409 834 441 nomine
856 408 1016 447 audior-is,
1044 415 1076 440 et
1099 419 1173 454 pag,
1196 417 1243 450 91,
1271 405 1345 440 cod.
1367 407 1468 443 ,Miclu
1493 408 1594 454 Pselli
1615 408 1796 443 dialectica.

63 460 156 495 Num
174 461 227 494 hic
241 458 279 494 fit
295 458 422 500 codex,
449 472 547 508 quem
565 462 648 493 inter
664 455 785 492 inedita
800 455 891 492 Fselli
920 455 954 504 ᾗ.
971 460 1057 493 LVI.
1079 455 1269 505 simpliciter
1287 457 1383 492 Allat.
1399 461 1606 503 nominarat‚
1639 457 1794 507 equidem

33 542 35 544 .
60 510 182 546 nescio.
211 531 260 536 —
311 512 456 546 Florent.
476 514 509 545 in
525 509 598 544 cod.
615 509 749 544 XXVII.
765 522 812 544 nr.
830 513 859 546 8.
880 509 961 555 plut.
979 515 1010 547 8.
1028 508 1118 549 suut,
1148 508 1224 543 teste
1239 507 1382 545 Bmzdin.
1402 513 1435 545 in
1452 520 1512 544 cat.
1530 509 1629 545 codd.
1646 524 1695 558 gr.
1713 513 1793 545 Lau-

63 572 144 599 rent.
163 573 243 598 tom.
264 565 305 598 Π.
326 575 357 610 p.
374 564 443 604 617.
460 562 560 608 Pselli
577 559 616 595 de
634 561 734 595 tribus
749 559 862 603 figuris
877 558 1148 608 syllogismorum
1167 570 1198 594 et
1220 558 1261 594 de
1274 563 1497 608 hypotheticis
1514 559 1732 610 syllogifini8‚
1761 570 1793 595 et

63 614 123 650 alia
138 612 323 656 dialedlica3
351 612 404 648 sed
421 612 572 647 videntur
587 608 788 659 imperfetsta.
842 613 885 652 At
902 611 1085 657 Montfazcc.
1101 612 1135 646 in
1151 611 1232 647 Bibl.
1253 611 1404 650 biblioth.
1428 614 1539 648 MSSr.
1555 626 1630 661 pag.
1660 614 1731 654 362.
1756 614 1790 647 B.

61 667 151 700 hunc
168 664 323 701 eumdem
341 663 493 699 codicem
509 676 715 701 memorans,
739 660 846 697 addit:
874 663 1055 703 „vltimum
1073 674 1171 712 caput
1187 660 1227 698 de
1244 666 1341 711 copia
1366 674 1397 699 et
1419 661 1574 699 facultate
1595 663 1793 711 propositio-

61 729 163 761 num,
196 715 263 751 fiue
279 714 370 751 Pselli
383 713 620 764 compendium
636 716 817 764 Logicae.“
844 732 896 740 --
922 716 960 749 In
977 712 1051 750 cod.
1068 717 1199 750 Barocc.
1217 716 1334 751 LXXI.
1351 715 1427 752 bibl.
1442 714 1569 751 Bodlei.
1584 715 1686 762 Pselli
1701 727 1792 751 com·

54 767 222 817 >pendium
240 767 392 815 Logicae.
1551 796 1553 800 ,

227 853 294 887 Sub
313 855 450 888 nomine
465 855 513 887 Io.
530 851 630 898 Psi-lli
642 849 688 890 εἷς
701 849 771 889 τοὶς
792 849 1022 898 ἁγιἀς’ἑπτοὶ
1046 847 1180 892 συιό’δ“ες
1208 843 1496 902 ε’·πιΎςοὶμμσιτᾷ,
1524 867 1574 903 gr.
1597 865 1674 889 cum
1694 852 1790 888 Ts'zeo-

62 905 134 941 'olm-i
147 905 322 940 Prodromi
336 906 634 953 epigrammatibus.
650 903 741 939 Basti.
755 918 807 954 ap.
825 908 873 940 Io.
889 905 998 940 Bebel.
1014 907 1098 949 1536.
1119 912 1150 945 8.

227 984 386 1039 Movcpellx
413 991 446 1024 in
470 989 630 1036 templum
648 990 791 1037 Sophiae
807 989 910 1025 CPol.
936 1000 1038 1025 terrae
1055 1000 1150 1026 motu
1175 989 1375 1039 quassatum,
1402 1003 1502 1039 quam
1528 988 1629 1026 edidit
1642 988 1790 1024 Allatius

61 1043 95 1077 in
114 1043 202 1076 notis
217 1041 258 1076 ad
280 1043 405 1089 Georg.
426 1042 653 1088 Acropolitam
667 1054 699 1089 p.
721 1047 791 1080 281.
809 1039 853 1090 sq.
907 1043 944 1076 In
961 1040 1035 1076 cod.
1052 1043 1270 1078 MCLXXXI.
1287 1056 1337 1077 nr.
1353 1053 1404 1084 42.
1422 1042 1504 1077 Bibl.
1519 1041 1609 1091 publ.
1627 1044 1723 1076 Paris.
1743 1038 1788 1074 est

62 1093 162 1139 Pselli
179 1095 210 1128 in
227 1090 335 1127 casum
352 1091 438 1126 aedis
455 1093 485 1126 S.
502 1093 669 1140 Sophiae:
693 1102 724 1127 et
745 1106 794 1129 nr.
811 1103 856 1137 55.
875 1091 915 1127 de
936 1102 1155 1133 terraemotu
1167 1123 1177 1139 ‚
1205 1096 1260 1143 qui
1284 1095 1369 1142 Sept.
1387 1092 1439 1129 die
1462 1105 1514 1129 20.
1532 1091 1665 1130 accidit:
1693 1091 1787 1127 etur.

61 1154 110 1186 71.
125 1143 166 1178 de
179 1154 282 1179 terrae
297 1144 451 1178 motibus.

225 1229 331 1264 Breue
344 1239 475 1262 carmen
491 1227 667 1261 iambicum
685 1230 719 1261 in
733 1224 977 1273 depositionem
999 1231 1049 1272 Io.
1066 1226 1316 1274 Chrysostomi,
1343 1229 1515 1278 vulgatum
1537 1242 1586 1278 gr.
1605 1228 1645 1274 ab
1660 1225 1786 1262 Allatio

55 1283 92 1326 in
107 1281 277 1329 Excerptis
293 1291 492 1327 graecorum
509 1276 726 1328 sophistarum
743 1291 782 1313 ac
800 1280 971 1314 rhetorum
987 1293 1020 1328 p.
1036 1291 1115 1323 400.
1133 1282 1264 1315 Romae
1279 1282 1372 1323 1648.
1390 1288 1420 1321 8.

223 1363 317 1400 Idem
333 1364 480 1400 Allatius
494 1377 533 1399 ex
549 1374 632 1399 orat.
651 1362 773 1399 inedita
787 1362 827 1399 ad
845 1362 1102 1400 Constantinum
1119 1367 1391 1401 Monomachum
1404 1363 1564 1415 producit·
1574 1363 1738 1402 nonnulla
1754 1376 1785 1412 p.

57 1429 128 1457 102.
146 1415 187 1452 de
202 1420 432 1464 recentiorum
443 1419 650 1452 Graecorum
667 1415 807 1465 templis.
823 1417 933 1451 Paris.
955 1420 988 1452 in
1013 1415 1089 1452 cod.
1105 1419 1339 1452 MCLXXXII.
1356 1432 1406 1453 nr.
1428 1430 1480 1462 74.
1496 1418 1540 1453 est
1559 1416 1785 1466 fragmentum

49 1472 216 1516 *orationis
229 1467 320 1503 Pselli
339 1470 373 1502 in
389 1467 519 1502 laudeni
536 1469 757 1514 imperatoris,
786 1479 816 1503 et
833 1482 882 1503 ur.
902 1480 936 1512 75
951 1482 988 1503 ac
1006 1471 1058 1511 76.
1076 1468 1115 1503 ad
1135 1472 1283 1516 imperat.
1299 1471 1581 1505 Monomachum.
1609 1488 1658 1495 --
1709 1468 1785 1503 Flo-

58 1522 178 1557 rentiae
195 1523 227 1555 in
241 1519 319 1554 bibl.
339 1520 490 1554 Laurent.
514 1517 590 1553 cod.
605 1520 672 1553 XL.
691 1533 741 1556 nr.
759 1531 809 1562 37.
827 1529 859 1554 et
874 1533 922 1554 nr.
950 1525 1001 1562 38.
1021 1531 1120 1555 et-nr.
1144 1522 1198 1562 46.
1227 1529 1290 1554 tres
1313 1520 1457 1556 diuersae
1478 1529 1573 1555 oratt.
1597 1518 1639 1554 ad
1664 1520 1782 1567 imper.

56 1571 312 1609 Constantinum
329 1569 604 1605 monomachum.
621 1583 652 1605 v.
670 1571 812 1615 Bmzdin.
831 1579 890 1606 cat.
906 1568 1004 1609 codd.
1022 1584 1069 1619 gr.
1089 1573 1185 1607 Laur.
1201 1573 1242 1605 11.
1256 1584 1289 1619 p.
1306 1582 1363 1616 415
1377 1581 1408 1607 et
1425 1573 1498 1614 416.

208 1666 298 1700 Sine
313 1666 451 1699 nomine
475 1664 637 1698 audioris:
663 1662 803 1699 celebres
826 1666 1002 1711 opiniones
1025 1662 1066 1698 de
1087 1666 1216 1708 anima,
1243 1677 1292 1713 gr.
1317 1673 1349 1699 et
1365 1664 1419 1700 lat.
1444 1677 1484 1700 ex
1510 1667 1710 1712 interpretat.
1734 1662 1782 1697 Io.

28 1712 195 1753 ''Tm-ini:
211 1729 286 1750 cum
304 1718 457 1764 Origenis
473 1714 660 1753 philocalia,
674 1716 770 1750 Paris.
794 1718 884 1758 1624.
905 1725 936 1757 4.
970 1735 1017 1741 —-
1070 1718 1206 1751 Mariti
1221 1711 1257 1752 in
1271 1716 1347 1751 aod.
1370 1729 1437 1765 reg.
1460 1717 1516 1754 LI,
1539 1730 1589 1751 nr.
1614 1722 1656 1760 89
1672 1724 1781 1758 -94,

55 1769 151 1816 plura
166 1771 268 1816 capita
284 1765 408 1801 diuersa
424 1765 464 1800 de
479 1765 597 1813 ψυχῆ.
624 1780 652 1801 ν.
669 1769 784 1801 Iriart.
803 1777 862 1802 cat.
880 1765 977 1801 codd.
997 1779 1046 1813 gr.
1071 1781 1144 1816 pag.
1163 1779 1232 1810 172.
1260 1787 1310 1794 —
1361 1770 1401 1802 In
1423 1766 1499 1802 cod.
1530 1769 1665 1802 Tliomas
1688 1765 1782 1804 Gale,

57 1821 219 1855 CXXXV.
235 1817 256 1854 s.
273 1833 322 1853 nr.
338 1819 436 1863 5969.
453 1818 545 1853 catal.
565 1819 674 1853 MSSt.
693 1818 831 1867 Angliae
846 1827 907 1853 etc.
930 1819 972 1853 11.
992 1831 1022 1866 p.
1049 1824 1118 1862 189.
1136 1819 1232 1865 Pscll.
1258 1821 1291 1854 iu
1310 1819 1450 1855 Platonis
1466 1817 1734 1868 Psychogoniam
1750 1824 1780 1850 et

16 1870 201 1924 Ι’ῃεὶιιειίειυ
219 1873 421 1918 opinionum
439 1868 479 1904 de
496 1872 604 1904 anima
619 1868 793 1918 expositio.
811 1867 901 1904 conf.
916 1868 1030 1918 supra,
1057 1870 1095 1904 ad
1112 1872 1143 1919 §.
1162 1871 1277 1907 XLII.'
1776 1869 1779 1871 ’

219 1953 384 1992 Iudicium
399 1952 439 1988 de
449 1951 629 1989 Heliodori
645 1965 675 1989 et
693 1954 829 1990 Achillis
843 1951 959 1991 fabulis
977 1959 1155 1998 amatoriis,
1173 1971 1213 1992 ex
1229 1955 1303 1993 cod.
1315 1953 1391 1992 bibl.
1401 1953 1567 1992 Leidenfis
1581 1956 1665 1990 inter
1678 1949 1778 1989 codd·

40 2006 246 2049 &Voffianoffi
275 2010 307 2041 in
323 2003 461 2041 Miscell.
478 2003 558 2040 obss‘.
575 2008 678 2041 critic.
698 2009 731 2041 in
744 2008 869 2042 audior.
885 2016 958 2042 vett.
975 2017 1012 2042 et.
1023 2011 1197 2044 recentior.
1224 2008 1290 2044 vol.
1309 2010 1384 2044 VII.
1403 2018 1484 2043 tom.
1512 2019 1540 2050 3-
1563 2020 1596 2056 p.
1616 2007 1691 2050 366.
1707 2003 1777 2053 sqq·

54 2057 143 2096 conf.
160 2056 265 2107 infra,
295 2057 361 2093 vol.
380 2058 468 2093 XIV.
481 2069 512 2105 p.
533 2071 563 2102 9.
579 2068 609 2091 et
624 2056 730 2092 Allat.
750 2057 790 2093 de
804 2061 906 2107 patria
924 2061 1067 2095 Homeri
1084 2074 1153 2110 cap.
1169 2063 1226 2097 1V.
1242 2073 1274 2110 p.
1290 2072 1343 2105 79.
1359 2058 1409 2096 ed.
1427 2058 1535 2108 Lugd.

217 2150 308 2188 Psclli
328 2150 366 2194 (s.
381 2153 557 2196 anonymi)
576 2153 676 2199 patria
692 2149 744 2187 seu
762 2153 907 2201 origines
923 2154 1007 2189 vrbis
1024 2154 1240 2196 CPoliranae‚
1268 2157 1288 2190 i.
1310 2167 1337 2190 e.
1362 2152 1404 2188 de
1426 2151 1668 2202 antiquitatibus
1683 2150 1775 2185 CPo-

42 2204 161 2244 ,liranis
175 2204 250 2240 libr.
268 2207 322 2239 lv,
339 2217 388 2252 gr.
405 2214 435 2238 et
451 2203 502 2238 lat.
518 2216 536 2236 e
558 2201 656 2239 cvdd.
672 2205 799 2239 MSStis
823 2205 945 2247 edidit,
971 2209 1122 2242 varietate
1142 2207 1294 2243 lectionis
1310 2204 1458 2241 instruxit
1482 2215 1513 2238 et
1531 2201 1776 2238 commentariis

51 2255 612 2302 illustrauitAiffeliitiszaizd121·iiis,
630 2257 662 2290 in
678 2255 778 2290 eiusd.
796 2258 936 2304 imperio
956 2259 1118 2294 orientali.
1135 2259 1228 2293 Paris.
1247 2268 1328 2300 1711.
1345 2254 1406 2292 fol.
1423 2266 1455 2291 et
1469 2259 1585 2290 Venet.
1604 2264 1694 2297 1729.
1712 2249 1773 2286 fol-

53 2316 137 2342 tom.
156 2310 178 2343 1.
203 2317 282 2355 part.
309 2309 367 2341 111.
393 2306 503 2354 Cqfim.
522 2307 643 2341 Otadin.
667 2309 700 2341 iu
723 2306 849 2342 Triade
874 2306 1037 2344 differtatt.
1067 2311 1166 2345 critic,
1195 2307 1301 2358 Lugd.
1325 2310 1388 2343 Bar.
1419 2319 1502 2351 1717.
1531 2312 1562 2345 8.
1584 2303 1655 2340 diff·
1683 2305 1775 2338 tertia

28 2399 40 2406 α
54 2357 225 2396 ostendere
242 2357 376 2400 studuit,
395 2359 566 2394 auctorem
582 2358 719 2395 iliorum
736 2361 792 2396 IV.
806 2359 970 2396 librorum
984 2360 1046 2397 effe
1060 2362 1159 2400 fllzclz.
1173 2361 1326 2409 Psellum.
1341 2357 1433 2396 conf.
1450 2360 1534 2397 Aeta
1549 2356 1666 2393 erudit.
1686 2360 1773 2398 1718.

888 2413 923 2448 Η
952 2423 969 2455 3
1605 2421 1651 2446 m.
1671 2408 1772 2445 Mart.
