2023 2656
803 127 1013 147 ω
1741 127 1777 155 τ’

43 234 155 276 num
185 235 242 275 de
273 232 358 275 illis
390 230 604 282 notitiam,
634 232 759 285 quod
795 233 1028 287 exemplar
1055 230 1274 273 Actorum
1305 238 1385 271 etc.
1414 238 1528 281 tum,
1570 238 1710 281 quum
1740 237 1770 265 ai

43 342 144 382 pag.
179 327 265 379 136.
287 325 348 368 'in‘
373 327 636 368 enarrandis
670 325 741 367 SS.
774 326 875 367 vitis
909 325 1181 378 elogiisque,
1214 322 1395 375 negotio
1428 321 1633 375 inprimis
1666 331 1765 359 mo·

38 420 163 470 lest'o,
193 422 406 471 versarer,
439 421 644 461 nondum
676 420 845 460 illatum
878 429 971 460 erat
1004 417 1304 459 bibliothecae
1334 416 1506 456 nostrae
1540 410 1762 454 academi-

38 527 139 563 cae,
176 513 297 554 hausi
335 507 597 568 potissimum
637 505 926 565 ex⁴catalogo
968 511 1267 553 bibliothecae
1298 508 1613 553 Btinauianae‚
1652 501 1760 544 tomi

37 607 93 648 Π.
124 607 216 648 vol.
248 604 306 649 ΙΙ.
335 618 437 660 pag.
467 616 560 665 597.
587 605 684 659 sqq.
744 605 970 664 Quoniam
1000 618 1113 646 vero
1144 613 1348 657 tempore
1377 601 1475 650 illo,
1517 611 1611 652 quo
1644 605 1767 637 cata·

34 699 169 752 'lngus
199 698 318 738 illius
350 697 552 739 biblioth.
585 698 631 738 in
661 699 808 739 lucem
835 698 1022 751 prodiit,
1054 696 1296 752 posteriora
1324 696 1538 735 Actorum
1563 688 1762 733 volumi·-

32 791 336 834 ‘na'nondum
367 790 543 832 fuerant
576 791 805 843 euulgata,
837 791 986 832 saltem
1015 792 1061 831 in
1092 777 1411 830 bibliothecam
1438 786 1612 826 Bu'nau.
1644 794 1758 822 non-

36 885 144 926 dum
171 884 312 933 illata,
342 895 399 923 ex
430 883 516 924 illis
548 884 628 925 cel.
661 884 834 933 Hardt,
864 884 1133 936 digniffimus
1165 880 1463 922 bibliothecae
1495 877 1644 929 regiae
1667 872 1757 916 Ba-

32 978 214 1019 varicae
243 976 517 1030 praefectus,
566 989 638 1017 me
670 986 875 1029 rogante,
907 990 991 1030 pro
1025 990 1098 1025 ea,
1145 987 1234 1028 qua
1272 973 1422 1021 floret,
1469 967 1757 1015 humanitate,

32 1069 230 1110 indicem
263 1068 447 1109 vitarum
477 1067 619 1109 SStor.
652 1079 693 1110 et
726 1069 1054 1118 narrationum,
1092 1081 1209 1121 quae
1241 1067 1287 1108 in
1319 1061 1648 1106 recentioribus
1679 1070 1756 1099 re-

32 1161 264 1214 periuntur
295 1160 616 1208 voluminibus,
650 1168 827 1213 promte
854 1160 1188 1212 diligenterque
1222 1157 1433 1203 confecit3
1466 1168 1550 1208 pro
1584 1165 1676 1205 qua
1706 1149 1756 1194 in
1815 1199 1818 1201 ,

26 1253 139 1305 signi
168 1251 440 1292 humanitate
473 1251 573 1292 viro
597 1251 835 1292 doctiffimo
866 1252 1026 1304 gratias
1064 1265 1148 1304 ago
1180 1251 1367 1291 debitas.
1427 1245 1570 1289 Aliud
1604 1252 1754 1284 autem

31 1358 168 1399 opus,
201 1357 352 1385 carum
386 1357 478 1384 non
512 1343 671 1396 magis,
704 1357 840 1397 quam
874 1358 1037 1394 rarum,
1065 1341 1228 1397 M‘cmsii
1257 1340 1582 1384 Collectionem
1607 1333 1755 1377 conci-

28 1435 519 1490 liorum'ampliffimam
556 1451 580 1476 a
612 1450 683 1476 me
715 1438 881 1478 consuli
917 1451 1009 1478 non
1040 1435 1251 1491 potuiss'e‚
1283 1433 1457 1488 saepius
1490 1431 1630 1473 dolui.
1661 1426 1754 1470 Vbi

27 1533 176 1573 tamen
217 1530 441 1571 interdum
483 1530 538 1569 asl
577 1530 696 1569 illam
738 1529 1009 1582 prouocaui,
1071 1542 1142 1569 me
1203 1529 1302 1568 loca
1339 1540 1398 1568 ex
1455 1526 1498 1567 b.
1540 1519 1748 1572 Walclzii,

24 1622 254 1674 *Theologi
284 1623 514 1675 quondam
561 1622 880 1673 Gottingenfis,
936 1621 1125 1662 Historia
1171 1620 1439 1669 haeresium,
1493 1614 1756 1672 germanice·

26 1717 202 1770 scripta,
228 1714 452 1766 excitasse,
485 1715 682 1766 ingenue
713 1716 938 1771 profiteor.
998 1715 1066 1754 De
1099 1713 1150 1753 iis
1184 1722 1330 1753 autem
1365 1711 1578 1766 plagulis,
1631 1718 1749 1763 quae

25 1810 150 1851 haud
195 1820 361 1861 paucae
401 1807 517 1854 sunt,
558 1816 600 1847 et
633 1820 750 1859 quae
778 1807 852 1847 vel
883 1807 1059 1860 prelum
1088 1806 1174 1846 iam
1215 1806 1519 1858 reliquerunt,
1561 1801 1638 1843 vel
1670 1798 1750 1840 sub

26 1917 82 1945 eo
113 1902 292 1948 sudant,
323 1909 441 1940 certe
474 1899 520 1939 in
552 1899 761 1940 manibus
794 1899 904 1940 meis
938 1900 1142 1940 nondum
1176 1899 1291 1946 sunt,
1324 1898 1370 1937 id
1402 1906 1572 1937 tantum
1605 1890 1756 1934 adno-

26 2007 119 2039 tare
150 1995 271 2035 licet.
303 1992 350 2032 in
385 1991 529 2045 capite
561 1993 613 2032 de
642 1992 824 2042 Pluuio,
870 1992 1127 2045 praesertim
1156 1992 1211 2032 ad
1243 1988 1281 2044 gf.
1316 1989 1396 2032 lX.
1429 1990 1518 2030 flue
1550 1986 1747 2028 indicem

26 2087 310 2140 scriptorum,
351 2085 407 2125 de
441 2085 607 2139 quibus
646 2084 832 2125 Pliotius
865 2084 1079 2133 (liss'eruit,
1119 2099 1143 2125 a
1175 2098 1246 2127 me
1279 2083 1439 2131 multa,
1481 2096 1505 2122 a
1537 2079 1744 2120 Fabricio

28 2180 211 2226 adiecta,
243 2181 296 2227 (e
330 2190 396 2227 gn
427 2189 471 2230 p.
502 2177 596 2228 364.
631 2178 687 2218 cle
721 2176 929 2227 Leontio,
961 2190 1045 2217 nec
1078 2190 1171 2218 non
1205 2177 1269 2218 de·
1295 2175 1504 2216 Moeride
1529 2175 1638 2224 etc.)
1671 2172 1756 2213 ali*

26 2273 73 2315 bi
103 2269 486 2314 commodioribus
518 2269 698 2324 suisque
728 2269 838 2311 locis
870 2269 1055 2320 inserta,
1093 2280 1247 2311 contra
1280 2283 1332 2310 ea
1365 2270 1473 2321 alia,
1502 2283 1626 2324 quaev
1655 2268 1749 2323 post

1013 2375 1035 2402 a
1065 2373 1086 2414 3
1591 2362 1755 2403 Fabri-
