2023 2656
153 153 219 189 374
272 136 424 175 Linffic„
436 134 541 171 XXI.
670 132 677 134 ’
720 131 925 168 PROCLVS
950 131 1011 168 DE
1039 124 1360 168 PROVIDENTIA
1567 127 1890 178 Vol-V1¹¹·P·4⁶6Qz

153 233 361 290 prehendens
380 235 413 267 in
426 229 457 267 se
482 227 552 279 ipso
572 228 690 264 habet:
722 227 970 263 mechan'eifiate
990 236 1098 262 autem
1120 237 1188 262 vno
1210 225 1299 275 quasi
1325 234 1399 261 ente
1420 224 1591 268 vniuerso,
1633 227 1797 272 tympanis
1819 229 1889 274 qui-

159 288 239 324 dem
252 285 435 333 implicatas
450 280 747 331 proportionaliter
763 289 845 326 totas
869 277 933 313 effe
951 277 1119 326 sphaeras,
1148 281 1186 313 iis
1200 288 1329 318 autem,
1358 290 1441 326 quae
1463 279 1502 312 ab
1524 281 1560 312 iis
1582 287 1783 319 mouentur,
1818 289 1892 324 par-

161 340 251 378 xialia
266 334 419 372 animalia
437 344 468 369 et
483 336 626 373 animas,
653 341 684 367 et
699 332 810 366 omnia
823 330 863 365 ab
881 342 947 364 vno
966 327 1150 377 dependere
1165 337 1342 369 mouente,
1368 337 1399 362 et
1413 326 1501 363 forte
1517 331 1636 365 tuimet
1659 338 1764 362 artem
1782 330 1893 362 hono-

161 403 237 428 rans
250 397 281 428 et
296 390 376 422 haec
391 384 578 424 aestimasti,
609 393 643 417 rt
660 393 691 418 et
713 380 855 417 vniuerfi
878 379 986 416 faetor
1008 382 1215 415 mechanicus
1240 378 1377 427 quidam
1404 379 1460 420 sit,
1497 389 1527 415 et
1548 390 1582 414 tu
1600 381 1751 418 imitator
1774 381 1893 428 optimi

164 438 346 480 causarum.
398 435 462 473 Sed
479 438 539 473 hos
557 430 908 484 quidemcumfiudio
936 431 1055 474 ludum
1077 429 1367 474 ‚comminiscentes
1388 429 1585 481 scripsimus.

330 542 393 580 m,
421 538 474 576 Ad
491 537 597 588 ipsum
615 542 678 574 iam
694 550 837 586 agonem
853 535 935 572 versi
951 534 1099 571 dicamus
1111 561 1121 576 ,
1148 532 1243 582 quod
1259 537 1359 581 trium
1373 535 1495 570 horum
1513 537 1658 570 maxime
1675 534 1719 570 est
1735 535 1793 570 tibi
1817 546 1897 570 con-

175 591 384 634 siderandum
402 589 638 632 differentiam,
666 589 690 631 sl
708 589 821 624 debeas
841 585 881 623 ad
898 589 1028 622 ianuam
1052 589 1162 621 venire
1186 584 1417 634 quaesitorum.
1473 588 1799 636 (Qorumjprimum
1825 588 1896 635 qui·

172 648 251 684 dem
275 643 338 688 est,
371 642 617 691 prouidentiam
638 651 669 676 et
691 638 796 680 fatum
818 651 892 679 non
914 639 975 676 hae
1000 635 1149 678 differre,
1180 650 1247 685 qua
1269 635 1436 685 scripsisti,
1464 639 1530 673 hoc
1553 636 1687 686 quidem
1709 637 1896 673 conne'ssam

174 695 459 745 consequentiam,
487 695 571 728 hanc
587 702 696 729 autem
711 689 930 727 necessitatem
947 691 1041 724 huius
1061 687 1209 731 ,causam3
1242 686 1296 723 sed
1316 689 1413 723 ambo
1438 688 1574 737 quidem
1598 688 1704 725 causas
1725 685 1840 723 mundi
1866 694 1897 721 et

175 762 312 788 eorum,
342 749 473 795 quaein
490 743 619 781 mundo
643 743 746 784 fiunt,
774 741 855 783 esse,
883 740 1096 790 praeexistere
1113 749 1222 774 autem
1236 738 1480 787 prouidentiam
1496 742 1597 781 Fato,
1619 743 1663 775 ‘et
1687 742 1800 775 omnia
1826 740 1898 787 qui·

178 802 268 840 dem,
291 810 506 847 quaecunque
521 797 604 833 fiunt
621 794 800 831 secundum
814 792 1086 836 antumsmulto
1106 794 1198 844 prius
1219 805 1236 826 a
1258 791 1470 839 prouidentia
1494 791 1585 832 sieri,
1621 793 1823 827 contrarium
1848 801 1900 824 au-

177 851 246 888 tem
268 863 338 885 non
362 852 430 884 iam
452 860 565 888 verum
587 845 666 890 esse,
696 845 821 888 summa
836 843 1097 885 eiiim'totorum
1119 857 1137 877 a
1160 842 1369 891 prouidentia
1393 845 1497 881 reela,
1530 841 1596 879 ,esse
1621 839 1787 877 diuiniora
1809 842 1902 887 Fatq.

178 899 368 938 Secundum
390 909 522 939 autem,
552 898 648 933 aliam
671 896 807 946 quidem
828 891 893 937 effe
918 897 1061 929 animam
1085 893 1298 942 separabilem
1321 908 1337 927 a
1362 907 1523 944 corpore,
1561 904 1591 928 et
1618 892 1850 930 deuenientem
1869 894 1903 926 in

179 955 271 989 hunc
286 950 463 985 mortalem
481 949 595 984 locum
613 947 749 996 desuper
763 945 896 983 aliunde
915 960 932 980 a
949 945 1039 981 Diis:
1065 945 1163 980 aliam
1175 955 1289 984 autem
1313 943 1394 986 esse,
1423 959 1506 993 quae
1530 948 1563 980 in
1583 945 1797 994 corporibm,
1826 955 1905 979 con-

179 1003 345 1041 sistentem
360 1011 391 1036 et
406 997 653 1048 inseparabilem
669 1014 685 1034 a
702 998 869 1039 subiectis,
896 1006 928 1032 et
941 997 1024 1031 hanc
1048 994 1184 1044 quidem
1199 994 1383 1045 dependere
1401 1010 1419 1031 a
1438 999 1539 1037 Fato,
1563 995 1654 1031 illam
1669 1006 1776 1031 autem
1798 1008 1815 1029 a
1829 1005 1907 1043 pro·

180 1054 326 1091 videntia
341 1051 518 1088 secundum
532 1050 578 1093 sui
596 1051 694 1099 ipsius
711 1048 928 1087 substantiam.
982 1049 1139 1089 Tertium
1153 1057 1261 1083 autem
1272 1075 1282 1089 ,
1312 1046 1474 1083 scientiam
1491 1057 1522 1082 et
1538 1050 1706 1083 veritatem
1722 1046 1818 1085 aliam
1835 1046 1907 1095 qui-

184 1105 262 1142 dem
278 1104 448 1140 inexistere
465 1102 632 1138 animabus
658 1105 691 1143 in
711 1098 1062 1151 generationerveisss,
1096 1101 1246 1147 quamuis
1266 1098 1330 1140 fint
1350 1098 1556 1134 immaculata
1581 1096 1760 1134 secuudum
1783 1099 1906 1138 vitam;

180 1158 281 1194 aliam
303 1165 412 1194 autem
433 1152 669 1202 refugientibus
696 1166 735 1188 ex
758 1153 825 1187 hoc
847 1151 945 1192 loco,
981 1159 1011 1184 et
1035 1147 1127 1184 fac‘tis
1148 1151 1193 1184 ibi
1216 1159 1247 1185 et
1262 1149 1396 1191 locatis,
1425 1148 1509 1190 vnde
1523 1153 1612 1198 prius
1629 1148 1715 1185 casus
1736 1158 1767 1184 et
1793 1150 1849 1200 qui
1874 1144 1908 1182 i1'1

183 1211 275 1244 hunc
291 1206 468 1245 mortalem
481 1205 596 1240 locum
615 1202 789 1239 descensus.
841 1204 976 1237 Horum
990 1203 1092 1249 igitur
1108 1203 1227 1241 trium,
1251 1200 1344 1244 ⁴ficut⁸
1361 1198 1521 1242 diximus,
1550 1200 1574 1236 sl
1599 1200 1795 1236 sufficienter
1815 1201 1909 1234 inue-

185 1263 254 1296 nies
268 1256 447 1293 solutiones
459 1283 469 1298 ‚
496 1258 648 1291 omnium
666 1255 724 1289 tibi
736 1250 909 1295 manifesta
923 1255 985 1287 erit
999 1251 1139 1293 solutio,
1169 1250 1209 1286 de
1228 1252 1347 1300 quibus
1372 1251 1563 1299 quaefiuisti.
1615 1250 1824 1288 Prouidentia
1840 1251 1911 1298 qui-

187 1310 265 1345 dem
281 1311 383 1350 enim,
398 1305 488 1343 dic'io
504 1304 609 1342 modo
630 1303 799 1340 differente
816 1318 834 1338 a
850 1305 941 1344 Fam,
966 1302 1073 1350 palam
1089 1305 1149 1337 erit
1164 1302 1302 1350 qualiter
1319 1300 1497 1351 diffugiunt
1514 1303 1617 1338 multa
1635 1305 1749 1340 Fatum
1760 1328 1770 1343 ,
1798 1301 1912 1350 proui-

187 1360 334 1397 dentiam
349 1369 458 1394 autem
472 1358 574 1394 nihil:
604 1352 634 1392 et
650 1356 787 1404 qualiter
802 1353 939 1402 desuper
964 1352 1026 1400 [if]
1053 1351 1265 1402 prouidentia
1287 1355 1403 1388 Fatum
1423 1355 1598 1402 gubernat,
1632 1352 1724 1403 quod
1748 1351 1813 1401 ipsa
1835 1363 1913 1400 pro-

189 1411 303 1452 duxit,
330 1410 487 1458 separauit
503 1412 571 1443 eius
588 1405 787 1456 epissasiam,
814 1404 848 1441 id
864 1405 926 1449 est,
955 1404 1224 1451 superstationem
1242 1417 1342 1452 Vsque
1358 1403 1397 1439 ad
1421 1406 1460 1439 ab
1485 1404 1587 1440 altero
1607 1405 1763 1445 mobilia,
1795 1412 1851 1438 aut
1873 1400 1914 1436 ad

189 1462 301 1501 sortita
317 1465 352 1497 in
370 1462 409 1496 ab
425 1460 527 1496 altero
544 1459 722 1494 mobilibus
736 1460 879 1506 primam
893 1453 1145 1499 subsistentiam:
1171 1459 1278 1490 anima
1294 1466 1402 1490 autem
1419 1454 1546 1491 rursum
1563 1454 1685 1495 ostensa
1697 1455 1761 1495 alia
1780 1452 1843 1490 effe
1863 1465 1912 1493 ea,

193 1527 275 1564 quae
290 1527 307 1548 a
325 1512 520 1560 corporibus
535 1509 724 1559 separabili,
753 1509 786 1543 et
799 1507 860 1542 alia
878 1521 934 1546 ea,
963 1519 1045 1555 quae
1065 1506 1100 1541 in
1119 1507 1315 1555 corporibus
1338 1506 1498 1555 plantata;
1532 1505 1743 1543 manifestum
1765 1505 1822 1541 fiet
1845 1503 1913 1544 tibi,

194 1577 278 1614 quae
297 1562 450 1612 quidem,
478 1576 560 1612 quae
578 1557 798 1610 αὐτεξέσιον,
822 1558 855 1593 id
873 1558 933 1600 est,
954 1558 1146 1594 'libertatem
1162 1558 1285 1593 arbitrii
1300 1558 1396 1593 habet
1412 1568 1442 1594 et
1464 1555 1504 1597 τέ
1520 1558 1613 1607 quod
1637 1561 1672 1594 in
1691 1557 1805 1604 nobis3
1833 1557 1916 1605 quae

193 1625 303 1652 autem
317 1627 402 1664 quae
415 1613 589 1649 necessitati
604 1611 701 1648 seruit
717 1621 747 1646 et
762 1610 817 1646 sub
835 1612 915 1645 Fato
939 1607 1088 1650 ducitur,
1121 1618 1151 1643 et
1176 1609 1229 1644 vbi
1252 1611 1373 1645 horum
1398 1609 1627 1658 complicatio,
1660 1619 1795 1658 propter
1816 1618 1917 1656 quam

193 1669 275 1704 haee
293 1664 429 1714 quidem
445 1665 572 1700 hebetat
588 1662 627 1702 τὸ
642 1660 843 1712 adv-efficior
858 1669 994 1709 propter
1010 1658 1208 1694 deteriorem
1224 1663 1343 1704 vitam3
1377 1662 1457 1696 haec
1478 1669 1589 1696 autem
1613 1663 1783 1709 participat
1802 1659 1915 1707 aliquo

196 1716 293 1755 idolo
310 1717 479 1752 elerstionis
499 1725 636 1764 propter
649 1714 824 1755 meliorem
841 1714 1041 1747 vicinitatem
1056 1710 1115 1759 ipsi
1132 1713 1286 1746 animam.
1348 1713 1487 1747 Scientia
1509 1722 1619 1746 autem
1641 1712 1697 1747 tibi
1719 1710 1842 1759 duplici
1864 1721 1917 1758 ap-

196 1778 350 1820 parente,
378 1766 513 1803 euidens
528 1769 606 1808 erit,
629 1765 767 1814 qualiter
777 1774 812 1807 ¹et
830 1763 919 1798 Plato
936 1772 967 1798 et
979 1765 1144 1804 Socrates,
1173 1761 1310 1798 addatur
1322 1772 1432 1797 autem
1449 1766 1484 1798 iis
1501 1773 1532 1798 et
1544 1759 1917 1810 magnusParmenides,

199 1831 230 1858 et
246 1821 301 1855 hic
315 1821 458 1855 animam
472 1827 580 1854 entem
594 1820 683 1852 aiunt
696 1814 900 1867 :cognoscere
922 1817 1103 1855 veritatem,
1132 1824 1304 1863 purgatam
1319 1828 1337 1848 a
1353 1814 1512 1850 materiali
1528 1815 1658 1849 tenebra
1679 1823 1711 1848 et
1733 1827 1750 1848 a
1766 1810 1919 1860 pasfioni·

199 1873 280 1911 bus,
308 1882 518 1919 quascunque
535 1868 593 1917 ipsi
613 1866 739 1916 corpus
754 1876 783 1902 et
798 1879 880 1914 quae
896 1864 935 1900 ad
951 1867 1031 1901 haee
1046 1868 1243 1900 commixtio
1261 1865 1389 1907 intulit,
1417 1875 1448 1900 et
1463 1868 1581 1901 maiori
1595 1863 1702 1900 modo
1716 1874 1748 1900 et
1766 1861 1921 1899 fince'fius

201 1930 367 1969 extereute
382 1918 512 1957 scientia
528 1919 635 1967 sortiri
652 1916 773 1965 faelain
786 1926 875 1964 extra
890 1929 1032 1965 corpora
1047 1925 1078 1951 et
1093 1926 1182 1953 extra
1197 1919 1445 1966 generationem
1461 1926 1491 1952 et
1506 1919 1678 1953 materiam
1693 1927 1847 1951 amaram.

366 2027 424 2061 lv.
451 2027 494 2060 Iis
511 2027 619 2074 itaque
632 2024 737 2062 tribus
750 2022 1010 2073 problematibus
1028 2019 1208 2058 necessariis
1225 2021 1370 2063 entibus,
1396 2030 1427 2057 et
1444 2022 1483 2057 ab
1503 2023 1642 2070 antiquis
1663 2020 1747 2055 bene
1769 2014 1923 2062 discussis,

203 2080 271 2115 hoc
287 2075 424 2127 quidem
440 2076 638 2111 lamblichus
655 2078 688 2117 in
707 2079 765 2116 iis,
791 2087 873 2124 quae
891 2072 930 2108 de
947 2072 1156 2121 prouidentia
1174 2083 1204 2107 et
1223 2073 1302 2109 Fato
1322 2072 1416 2111 mille
1438 2071 1609 2108 accessibus
1634 2071 1833 2114 elaborauit,
1859 2071 1925 2104 hoc

204 2139 314 2165 autem
335 2140 449 2164 omnes
473 2126 616 2167 Platonis
636 2136 796 2162 amatores
818 2124 983 2172 duplicem
1004 2121 1217 2173 diuulgantes·
1234 2129 1395 2165 animam,
1431 2126 1500 2160 hoc
1517 2133 1627 2158 autem
1650 2126 1684 2158 in
1702 2121 1816 2158 multis
1839 2119 1924 2155 locis

206 2181 375 2219 motinus„
403 2181 438 2212 in
455 2177 566 2217 multis
581 2187 689 2213 autem
706 2187 737 2212 et
752 2179 954 2224 Porphyrius
974 2172 1228 2223 speculationem
1247 2184 1277 2209 et
1300 2172 1529 2222 speculatiuam
1553 2177 1706 2210 virtutem
1725 2171 1925 2220 distinguen-

207 2241 253 2267 tes
264 2258 274 2272 .,
302 2231 415 2265 omnia
429 2238 536 2267 autem
551 2229 655 2270 Flam,
684 2226 803 2277 assequi
820 2227 1019 2275 potentibus.
1070 2223 1293 2261 Neceffirium
1308 2228 1417 2274 vtique
1430 2240 1448 2265 a
1466 2230 1574 2274 primo
1588 2238 1650 2261 nos
1669 2220 1822 2259 facientes
1837 2224 1926 2271 prin·

208 2285 354 2329 cipium,
389 2282 538 2314 inuenire
559 2277 778 2320 differentiam
804 2277 1032 2319 Prome-ntiae
1057 2286 1087 2312 et
1112 2278 1188 2311 Fati.
1248 2279 1298 2312 De
1320 2280 1410 2312 omni
1441 2288 1548 2312 autem
1571 2279 1617 2315 ,ait
1642 2275 1751 2311 Plato:
1778 2287 1801 2311 ,ο
1822 2275 1925 2314 amice,

211 2345 306 2370 vnum
314 2332 510 2379 principium
514 2330 610 2377 scire,
626 2334 663 2366 cie
680 2344 740 2378 quo
753 2329 991 2378 estfimulati0‚
1015 2334 1072 2365 aut
1086 2328 1123 2364 de
1146 2330 1231 2364 omni
1244 2340 1391 2375 peccare,
1423 2327 1541 2376 neceffit.
1595 2330 1736 2377 Oportet
1756 2335 1864 2361 autem
1886 2332 1928 2367 et,

1895 2382 1930 2409 Vt
