2023 2656
884 80 948 116 DE
974 80 1092 116 NILIS
1399 82 1472 118 Lib.
1484 82 1526 118 V.
1536 95 1560 118 e.
1569 82 1690 120 XXV
1685 85 1733 119 II.
1785 95 1802 127 3

99 180 101 182 ’
165 175 223 210 lv.
250 174 384 216 Nilus,
405 174 575 221 Eparclms
591 172 980 221 C3›nslantitiopolitanzcs,
1006 187 1045 209 ex
1059 176 1210 221 Eparclzo
1230 176 1400 212 monachus
1415 184 1450 215 ‚et
1462 177 1581 224 asceta,
1608 190 1675 213 cum
1699 180 1795 216 Ἠκο-

60 223 145 266 dulo,
179 226 236 265 Ἰὼ.
808 235 814 240 “

118 276 121 277 ’
151 228 212 314 ge
234 279 299 313 hoc
322 278 402 313 Nilo
425 281 524 313 etiam
546 274 693 313 conferri
713 276 868 326 possunt,
911 287 1040 326 praeter
1060 290 1116 320 ea,
1151 290 1235 327 quae
1257 276 1414 314 adnotata
1442 277 1516 316 sunt
1537 278 1648 330 supra,
1676 282 1743 320 vol.
1767 285 1792 319 Ι.

0 344 1 361 i
83 356 92 364 .
107 339 179 371 701.
199 330 305 364 XVII.

0 383 31 430 i«
57 339 81 378 P
163 381 362 424 Naplzvrus
376 379 448 416 hist.
465 379 578 419 eccles,
592 380 664 415 libr.
687 382 776 417 XIV.
790 394 861 430 cap.
881 391 931 426 54.

161 434 191 467 1.
209 433 258 469 M.
273 433 406 482 Suarcfii
421 433 504 467 liber
519 433 780 480 chronologicus
794 431 836 468 de
851 435 916 467 vita
934 433 965 466 S.
982 431 1066 468 Nili.

0 482 1 509 l
163 485 252 520 Gau».
271 483 355 520 Cane
374 484 445 518 hist.
462 485 555 518 litter.
573 484 626 518 Ss.
641 483 755 518 eccles.
773 494 855 518 tom.
870 485 895 519 Ι.
910 496 942 531 p.
958 490 1038 526 428.
1207 524 1209 526 q

165 535 342 570 TiHemont.
359 536 465 570 Mem.
481 534 521 568 de
539 534 561 569 l’
576 534 644 568 hist.
661 535 774 570 eccles.
797 545 882 570 tom.
897 537 986 571 XIV.
1003 548 1038 584 p.
1063 541 1134 580 189.
1152 534 1310 585 copiosus
1334 532 1376 571 de
1400 537 1468 571 eius
1490 540 1556 572 vita
1579 546 1610 572 et
1631 534 1792 587 quaedam

60 594 188 626 narrat,
217 599 299 635 quae
315 591 434 622 incerta
451 597 480 619 et
499 583 644 620 fabulosa
665 584 728 620 esse
746 584 909 621 videntur.

159 638 202 673 L.
226 639 294 673 Ell.
319 639 362 673 du
383 639 451 673 Pm
472 649 576 671 nouv.
603 636 754 672 biblioth.
781 648 864 673 tom.
885 640 946 680 IV¹
966 649 1045 687 pag.
1067 639 1120 672 26.
1144 640 1202 687 qui
1224 651 1265 675 ex
1279 635 1404 689 striptis
1419 639 1492 676 Nili
1509 639 1601 676 vtilia
1623 636 1716 675 dedit
1737 652 1792 675 ex-

136 697 178 724 ta·

55 700 133 778 cer?
159 738 233 776 Cas.
251 739 363 776 Oudin
380 751 561 775 comment.
578 737 620 775 de
635 740 668 775 S.
682 741 715 775 S.
731 738 844 775 eccles.
862 751 945 779 torn.
963 741 988 776 1.
1004 740 1150 789 p.‘1254.

157 792 204 828 R.
228 791 340 828 Ceiller
354 790 426 827 hist.
441 804 554 841 gener.
572 791 627 826 des
643 799 785 829 Auteurs
800 791 914 829 eccles.
931 802 1016 830 tom.
1033 795 1127 829 Xlu.
1143 806 1177 841 p.
1198 792 1269 835 146.

159 844 287 885 Pauca,
320 841 361 877 de
382 845 450 877 eius
469 841 657 892 praesertim
677 843 803 892 scriptis
829 843 927 880 tradit
950 844 1120 880 Schroecklz
1144 847 1195 879 in:
1237 843 1438 881 Christliche
1461 842 1793 896 Kirehengeschichte

60 901 145 932 tom.
159 894 267 930 xvli.
283 907 316 943 p.
332 904 400 939 559.
418 893 462 943 sq.

161 947 362 994 Hamberger
376 948 414 984 Z.
429 947 550 981 Nachr.
564 954 648 980 torn.
665 946 726 980 111.
738 960 770 995 p.
790 957 856 991 ης.
874 945 942 996 sqq.

160 999 250 1034 Saxii
267 997 472 1034 onomastic.
485 997 621 1032 litterar.
640 1008 723 1031 tom.
739 1001 764 1033 1.
781 1011 811 1045 p.
828 1004 906 1039 488.
921 1041 924 1044 ι

160 1049 299 1084 Allatius
314 1058 478 1097 praeterea
494 1048 611 1083 adtulit
626 1048 702 1084 loca
716 1061 755 1084 ex
770 1050 976 1096 Menologio
990 1047 1153 1085 Basiliano
1167 1047 1570 1087 bibliothecaeVaticanae
1582 1052 1660 1087 XIV
1676 1051 1793 1087 Ianua-⁴

58 1103 121 1141 rii,
148 1113 188 1135 ex
206 1100 402 1146 menologio
414 1101 638 1139 Graecorum,
665 1109 737 1133 turn
755 1114 794 1134 ex
809 1100 1059 1148 martyrologio
1081 1102 1239 1135 Romano
1256 1111 1287 1135 et
1303 1102 1411 1136 Sirleti
1429 1103 1629 1152 menologio
1649 1101 1702 1138 die
1719 1103 1789 1138 XII.

57 1152 271 1188 Nouembris.
324 1149 469 1198 Qando
484 1152 603 1184 vixerit
615 1149 724 1190 Nilus,
743 1150 922 1199 diligenter
937 1160 968 1184 et
980 1149 1117 1199 copiose
1133 1153 1272 1199 inquirit
1286 1152 1374 1186 idem
1386 1180 1396 1192 ,
1422 1153 1634 1202 aliorumque
1650 1157 1791 1189 rationes

57 1203 243 1250 iudiciaque
263 1205 437 1236 examinat.
488 1202 590 1248 Atqui
606 1203 765 1248 quoniam
785 1203 820 1235 in
846 1201 1095 1249 martyrologio
1123 1202 1282 1236 Romano
1308 1201 1427 1238 dicitur
1449 1202 1506 1238 sub
1520 1203 1722 1240 Theodosio
1743 1209 1791 1240 iu-

57 1257 154 1291 aiore
174 1251 338 1292 nomme,
371 1261 403 1286 et
428 1254 607 1286 Arcadium
625 1252 858 1299 imperatorem
880 1252 1016 1286 Ioannis
1039 1250 1290 1297 Chrysostomi,
1319 1258 1428 1297 (cuius
1450 1257 1477 1289 is
1499 1253 1675 1303 discipulus
1701 1253 1791 1301 fuit),

58 1308 94 1342 in
112 1304 263 1340 exsilium
277 1302 381 1344 miffi,
409 1301 514 1338 caussa
533 1305 566 1337 in
581 1302 725 1349 epistolis
741 1303 833 1343 (libr.
848 1306 907 1339 112.
922 1302 1012 1352 epist.
1030 1315 1104 1347 279.
1118 1313 1150 1337 et
1164 1303 1238 1339 libr.
1253 1306 1296 1343 11,
1312 1317 1363 1353 ep,
1382 1308 1452 1350 265.
1470 1303 1547 1342 edit.
1563 1306 1675 1341 Allatii
1686 1307 1717 1354 ,)
1744 1319 1792 1342 re-

58 1355 251 1407 prehendit:
278 1354 336 1390 cel.
354 1356 471 1391 Saxius
485 1356 551 1389 eius
567 1362 705 1388 aetatem
718 1368 749 1389 a.
765 1355 831 1389 Ch.
854 1358 931 1390 circ.
950 1365 1027 1397 420.
1048 1353 1226 1404 alligauit,
1253 1369 1314 1391 nec
1338 1358 1445 1392 voluit
1465 1370 1541 1392 eum
1560 1357 1664 1397 {serius
1688 1368 1720 1394 et
1742 1371 1792 1393 re-

59 1411 184 1446 motius
199 1422 216 1442 a
232 1404 475 1451 Chrysostomo
492 1418 638 1454 ponere,
667 1408 878 1454 quantumuis
895 1405 1017 1441 diutius
1032 1408 1132 1440 vitam
1150 1404 1344 1454 produxisse
1361 1421 1438 1442 eum
1452 1407 1540 1443 haud
1557 1409 1712 1456 ambigat.
1739 1427 1792 1437 -

58 1460 152 1496 Inter
170 1471 237 1499 εοε,
252 1461 308 1507 qui
325 1460 425 1492 vitam
439 1456 671 1502 Chrysossomi
689 1455 930 1505 exposuerunt,
957 1460 1150 1493 nominatur
1162 1458 1261 1492 Nilus
1276 1461 1481 1506 cognomine
1496 1460 1647 1508 IIIagnus
1662 1464 1697 1496 in
1712 1458 1790 1496 cod.

63 1512 203 1549 Vindob.
218 1524 247 1543 v.
264 1511 407 1545 Lambec.
425 1509 513 1543 Vlll.
527 1521 558 1556 p.
576 1511 650 1550 638.
702 1507 996 1556 Constantinopoli
1019 1522 1058 1543 ex
1077 1518 1178 1556 gente
1200 1509 1397 1558 ampliffima
1420 1521 1510 1546 ortus
1538 1522 1675 1559 propter
1699 1525 1791 1557 egre—

87 1566 151 1598 iam
165 1564 271 1612 gentis
285 1560 494 1596 nobilitatem
509 1559 556 1594 illi
576 1560 644 1595 vrbi
663 1557 846 1607 praefectus
865 1558 909 1594 est
927 1568 958 1594 et
974 1557 1216 1595 honessiffimae
1231 1570 1399 1596 matronae
1420 1565 1637 1598 matrimonio
1660 1565 1791 1599 iunctus

60 1577 131 1650 {uo
147 1627 188 1649 ex
207 1612 260 1648 illa
277 1611 317 1652 (fi
335 1611 416 1646 fides
433 1609 580 1646 habenda
597 1610 642 1645 est
656 1610 860 1658 Menologio
876 1613 1098 1651 Graecorum)
1115 1609 1250 1659 suscepit
1266 1611 1402 1656 liberos,
1430 1626 1556 1649 marem
1572 1623 1603 1648 et
1617 1612 1793 1656 feminam,

60 1669 137 1711 aut,
164 1662 234 1712 ipso
248 1664 330 1699 Nilo
345 1673 515 1703 narrante,
542 1660 610 1697 duo
631 1674 747 1697 mares.
798 1664 842 1697 At
858 1664 946 1696 enim
969 1661 1046 1696 licet
1067 1661 1258 1703 nobilitate,
1285 1662 1465 1713 dignitate,
1491 1665 1609 1713 opibus
1631 1667 1792 1715 rebusque

60 1717 132 1753 aliis
150 1713 360 1754 clarissimus,
388 1717 422 1749 in
438 1714 516 1748 vrbe
529 1715 652 1749 viribus
667 1716 842 1748 eminerete
867 1723 978 1747 tamen
993 1725 1104 1749 rerum
1119 1712 1309 1749 diuinarum
1325 1728 1439 1751 amore
1455 1726 1587 1761 metm,
1618 1721 1789 1753 renuncia-

60 1767 272 1804 vitomnibus
288 1758 572 1800 vit-ae‘commodis
582 1775 613 1799 et
623 1765 832 1800 Anachoreta
850 1761 963 1807 factus,
980 1765 1078 1799 vitam
1092 1762 1259 1799 asceticam
1275 1767 1430 1814 praetulit
1446 1766 1625 1816 dignitatis,
1647 1770 1789 1804 honoris
1826 1778 1831 1783 ‘

59 1830 234 1867 opumque
252 1814 427 1865 splendori.
486 1814 617 1851 Seceffit
635 1818 734 1864 igitur
750 1828 826 1850 cum
843 1815 930 1856 filio,
953 1815 1153 1853 Theodulo‚
1178 1818 1212 1851 in
1233 1828 1385 1852 montem
1407 1819 1584 1861 sinaeum,
1607 1829 1642 1854 vt
1658 1831 1791 1868 patrum

58 1869 224 1908 frueretur
233 1865 486 1904 consuetudine:
508 1877 710 1902 vxorautun
727 1880 789 1901 vna
804 1879 880 1901 cnm
894 1865 962 1901 filia
977 1869 1009 1901 in
1020 1868 1161 1915 Aegypti
1179 1867 1375 1903 monasteria
1389 1868 1649 1919 immigrauitd).
1673 1872 1791 1906 Theo-

60 1921 145 1963 duli,
162 1918 228 1956 fata
246 1920 360 1954 acerba
375 1917 544 1967 multaque
557 1917 702 1966 pericula
716 1916 875 1965 perpeffi,
901 1927 934 1951 et
949 1917 1138 1965 religiosam
1155 1920 1254 1953 vitam
1271 1917 1436 1967 degentiS‚
1463 1925 1662 1957 memoriam
1673 1925 1791 1958 Graeci

61 1973 178 2011 colunt
196 1973 248 2006 die
262 1972 352 2009 XIV.
367 1972 541 2005 Iannuarii.
595 1971 703 2017 Atque
718 1966 760 2003 ad
773 1969 868 2004 illum
883 1967 973 2003 diem
989 1971 1022 2004 in
1039 1969 1246 2018 Menologio
1262 1970 1423 2007 Bafiliano
1438 1985 1520 2021 quae
1535 1973 1582 2008 illi
1601 1972 1790 2019 acciderint,
1807 2018 1809 2020 ι

59 2028 105 2061 ita
113 2037 154 2059 ex
165 2024 276 2059 Allatii
294 2023 560 2069 interpretatione
570 2029 772 2056 enarrantur.
799 2021 904 2062 „Hoc
916 2019 1039 2056 eodem
1052 2019 1106 2056 die
1121 2026 1399 2058 commemoratio
1408 2024 1440 2059 S.
1451 2026 1548 2059 Patris
1560 2024 1678 2065 nostri,
1694 2026 1792 2060 Theo-

61 2077 141 2114 Auli.
193 2076 262 2111 Hie
279 2082 346 2109 erat
362 2072 450 2108 filius
463 2070 613 2122 sapientis
630 2072 720 2114 Nili,
755 2073 898 2120 Eparchi
915 2071 1109 2108 CPolitani:
1137 2075 1212 2122 qui,
1232 2074 1402 2110 mundana
1420 2075 1568 2125 gloriola
1587 2079 1790 2116 mmmmm,

1060 2125 1093 2159 A
1117 2135 1137 2159 2
1755 2129 1794 2162 in

106 2245 142 2282 d)
164 2244 198 2277 S.
214 2242 282 2275 Nili
296 2242 443 2283 reliquiae
457 2241 651 2272 seruabant-ir
668 2241 699 2271 in
709 2248 812 2272 monte
821 2241 902 2272 Atlio
954 2251 1000 2281 gr,
1018 2251 1086 2284 pag.
1101 2251 1165 2281 49¹.

64 2287 98 2321 in
114 2288 297 2321 monasterio
324 2287 497 2317 Dochiaxii.
514 2296 545 2317 v.
559 2283 734 2325 Montsauc.
749 2284 903 2324 Palaeogr.
