2023 2656
195 135 237 159 zv
546 123 550 127 “
834 114 1290 156 PRAEFATIO

200 271 288 302 raro
301 256 349 301 ad
365 252 490 299 nostra
508 267 630 312 vsque
644 264 818 310 tempora
835 255 1075 308 agitatarum‚
1110 255 1310 297 historiam
1324 266 1437 319 atque
1455 252 1740 314 inquisitionem
1755 270 1774 298 a
1793 258 1923 300 nostro

201 370 373 413 instituto
389 367 553 410 alienam
568 367 654 416 effe,
685 377 799 423 atque
816 364 1082 407 conditoribus
1099 366 1277 408 historiae
1293 366 1560 410 ecclefiasticae
1576 369 1880 426 relinquendam,
1893 370 1928 417 ⁴⁶)

203 494 342 531 nemo,
372 481 532 534 opinor,
562 476 753 530 negabit‚)
783 477 824 516 in
839 476 918 517 hoc
932 476 1132 518 volumine
1151 489 1415 533 exponuntur,
1439 479 1555 522 ledor
1578 477 1784 521 beweuolus
1804 493 1853 520 ex
1870 479 1929 519 in-

206 592 292 633 dice
309 593 493 646 capitum,
517 589 601 643 post
614 585 863 642 praefationis
877 586 1119 628 Fabricianae
1142 600 1290 644 partem
1309 590 1576 644 posteriorem,
1601 590 1728 644 (prior
1746 591 1851 653 enim
1868 587 1930 629 so-

207 700 414 741 lummodo
429 701 601 742 continet
618 700 788 753 capitum
808 698 1010 750 indicem,)
1042 697 1230 750 exhibito,
1251 699 1367 741 facile
1385 700 1602 753 cognoscet.
1633 700 1754 750 Idem,
1774 711 1931 752 compa·
1987 716 1999 720 ·

208 820 291 853 rato
308 811 387 852 hoc
406 809 606 852 volumine
624 824 715 852 cum
735 824 805 860 eo,
834 809 943 865 quod
961 807 1156 849 Fabricius
1175 809 1393 862 euulgauit‚
1425 824 1545 861 ame,
1570 809 1740 864 videbit,
1769 811 1810 850 in
1831 820 1934 855 noua

208 921 281 963 hac
299 922 471 964 editione
487 921 630 973 multa,
662 935 760 977 quae
777 921 862 975 post
876 918 1039 960 Fabricii
1056 918 1208 960 obitum
1226 919 1317 961 alibi
1333 921 1395 962 vel
1424 921 1552 963 recusa
1573 920 1680 970 sunt,
1716 918 1779 960 vel
1803 932 1936 960 emen-

210 1031 334 1072 datius
356 1032 476 1082 edita,
512 1031 585 1073 effe
609 1029 770 1085 resecta,
800 1029 872 1068 alia
895 1028 944 1067 ad
968 1027 1252 1080 supplementa,
1282 1041 1381 1083 quae
1404 1028 1431 1070 fi
1460 1008 1789 1080 desiderarentur,
1820 1028 1938 1070 reser-

211 1150 319 1190 vata,
349 1139 475 1180 vbiuis
491 1148 619 1180 tamen
641 1137 763 1180 eauffa
780 1134 927 1179 consilii
943 1135 1144 1182 declarata.

373 1251 470 1291 Sunt
485 1258 614 1291 autem
628 1251 670 1290 in
685 1248 872 1303 praesenti
890 1261 910 1289 a
926 1261 989 1288 me
1006 1246 1139 1288 omiffa
1164 1259 1247 1301 pag.
1273 1247 1335 1300 64.
1358 1247 1550 1303 quaedam
1571 1245 1719 1305 Basilii
1744 1243 1942 1300 opuscula,

212 1371 248 1402 n.
263 1360 459 1415 precatio,
488 1360 723 1405 exorcifinus
741 1368 780 1401 et
796 1358 1036 1415 quaestiones
1051 1355 1241 1398 Eunomiz·
1257 1366 1381 1413 atque
1396 1356 1654 1412 Apollinaris
1676 1369 1768 1397 cum
1789 1355 1945 1409 respon-

214 1451 382 1512 fionibus
405 1472 440 1510 S.
464 1469 611 1530 Basilii
619 1484 633 1511 .·
667 1491 727 1500 —
763 1482 849 1524 pag.
872 1480 938 1522 97.
967 1466 1112 1527 Basilii
1141 1467 1316 1509 iunioris
1342 1467 1626 1509 Naumachica:
1655 1487 1712 1498 —
1746 1478 1832 1520 pag.
1857 1465 1944 1506 206.

215 1577 372 1638 Synesti
391 1579 548 1634 epistola
571 1580 620 1619 ad
642 1579 877 1621 Dioscorum
903 1579 952 1618 de
970 1586 1049 1618 arte
1063 1590 1213 1630 magna,
1237 1574 1313 1618 fiue
1336 1576 1482 1619 scholia
1507 1578 1549 1618 in
1569 1575 1858 1618 Democritum:
1891 1595 1947 1605 --

215 1701 301 1743 pag.
320 1699 383 1733 211.
405 1687 596 1730 Eunomz'i
611 1687 812 1743 apologia,
844 1701 964 1743 quam
980 1685 1196 1730 confutauit
1210 1684 1364 1728 Bafilius
1379 1689 1435 1727 M.
1461 1707 1516 1718 —--
1546 1697 1634 1740 pag.
1646 1698 1739 1745 297.
1761 1686 1832 1727 tria
1847 1683 1947 1725 Hie·

216 1799 380 1855 ronymz'
395 1799 522 1852 graeci
545 1796 747 1854 opuscula:
777 1820 833 1830 —
863 1811 948 1853 pag.
973 1811 1055 1852 305.
1080 1795 1251 1840 Libam‘i
1272 1796 1428 1851 epistola
1449 1797 1498 1838 ad
1521 1795 1746 1839 Meletium:
1775 1817 1833 1829 -—
1862 1806 1948 1849 pag.

1859 1911 1950 1954 407.

267 2123 297 2170 ξ)
318 2129 353 2158 In
368 2122 481 2158 summa
499 2124 622 2170 quidem
639 2128 790 2161 breuitate
803 2122 897 2161 multa
912 2134 1029 2167 tamen,
1052 2134 1128 2170 quae
1150 2120 1188 2157 ad
1211 2123 1368 2157 historiam
1388 2122 1573 2167 pertinerent
1596 2119 1794 2161 litterariam,
1823 2122 1950 2156 collecta

224 2211 291 2243 tunt
306 2214 338 2244 in
352 2212 534 2246 bibliotheca
537 2212 652 2257 selem
677 2213 822 2257 hestoriaae
841 2215 1045 2258 ecclefiasticae
1057 2223 1123 2246 cum
1145 2213 1258 2253 veteris
1281 2217 1345 2245 tum
1362 2209 1439 2255 *noui
1461 2209 1639 2253 testamenti·
1660 2209 1795 2244 venetiis
1815 2214 1899 2249 1776,-
1922 2214 1949 2243 8·

224 2304 302 2341 part.
317 2299 359 2331 u.
