2023 2656
71 154 122 179 V0¹
148 153 224 181 ἫἿ·
247 161 272 186 Ρ·
288 148 420 200 MQ
590 154 802 190 2PROCLVS
825 155 886 189 DE
911 155 1235 190 PROVIDENTIA
1406 159 1690 199 Zib.V.c.XXI.
1736 176 1803 208 ‘377

69 251 172 284 tiuam
186 251 219 284 in
235 247 384 297 eoquod
403 246 583 284 seeundum
597 256 748 283 naturam
764 247 991 297 singulorum:
1017 252 1193 284 nonenim
1207 247 1340 285 idem·ei
1358 250 1449 300 quod
1471 254 1514 288 esi
1529 268 1698 303 apponere
1714 256 1793 293 defi-

17 321 22 324 ·
67 304 174 341 ciens,
199 300 444 335 etconseiuans
462 310 699 337 contentorum
712 303 878 334 virtutem.
931 302 964 335 Si
980 300 1287 349 igiturnonsolum
1304 304 1336 336 in
1353 304 1449 337 nobis
1466 315 1494 338 cr
1511 306 1580 340 aliis
1597 309 1790 344 animalibus

66 361 97 386 et
115 351 246 400 planus,
274 350 327 386 sed
338 362 370 386 et
383 353 614 388 inhocsomni
627 350 736 385 multo
751 361 827 385 ante
841 363 980 398 corpora
993 351 1036 386 est
1054 365 1114 387 vna
1130 353 1247 387 mundi
1259 363 1377 389 ‘natura
1392 359 1580 391 contentiua
1595 372 1651 392 ens
1668 372 1788 408 corpo·
1811 387 1816 389 >

66 415 141 437 rum
156 401 380 437 consulentiae
403 413 435 438 et
449 406 596 443 motiua,
620 401 701 436 ficut
717 405 796 436 etin
811 403 925 437 nobis:
960 412 1016 437 aut
1039 404 1177 451 qualiter
1200 407 1312 439 omnia
1335 417 1476 454 corpora
1500 418 1630 442 naturae
1651 410 1788 456 ἔκγονα,

10 473 15 476 -
63 452 97 487 id
112 452 175 491 est,
204 457 376 502 progenita
392 453 549 493 dicimus,
577 451 703 488 necesse
718 456 828 502 vtique
843 464 993 499 naturam
1011 453 1151 489 caussam
1166 453 1227 489 effe
1242 468 1473 492 connexorum
1484 486 1494 501 ,
1520 467 1552 492 et
1568 463 1599 493 in
1616 460 1676 495 hac
1691 474 1787 508 quae·

63 515 134 539 rere
154 515 308 539 vocatum
331 508 456 541 Fatum.-
509 507 548 540 Et
565 513 702 553 propter
717 506 784 538 hoc
799 502 885 539 forte
909 514 939 539 et
955 504 1147 540 daemonius
1169 506 1356 541 Aristoteles
1377 520 1438 548 eas,
1462 521 1544 556 quae
1564 521 1690 557 praeter
1707 525 1786 548 con-

60 553 188 590 suetum
204 565 331 603 tempus
349 558 630 605 augmentationes
646 565 700 589 aut
720 558 966 604 generationes,
1000 569 1095 602 penes
1119 559 1159 597 ι’7)
1186 558 1354 602 (Fatum)
1381 560 1487 609 παροδ
1511 557 1569 601 τὴν
1589 561 1787 613 εἱμαρμένην

49 604 233 641 consueuit
254 620 380 642 vocare.
433 609 474 642 Et
491 606 622 642 diuinus
638 607 734 641 Plato
751 608 815 646 ait,
842 608 1004 642 Mundum
1020 615 1122 643 tolum
1127 609 1301 655 sermidam
1314 610 1456 656 fi’ipfum
1479 614 1703 661 consideratum
1715 616 1786 664 sinc

61 658 350 706 intelligentialibus
365 659 464 699 Diis,
493 665 644 706 tanquam
660 670 839 703 corporezmz
854 659 1012 694 inuoluere
1026 661 1162 700 Fatum,
1188 667 1219 695 et
1238 663 1482 706 complantatam
1499 664 1784 710 concwfientiam.

60 718 92 743 et
109 722 184 744 cum
204 712 242 744 iis
260 711 316 745 Dii
335 706 483 758 responsa
498 709 537 756 ²)
563 708 694 750 dantes,
721 723 785 743 nrm
799 716 933 744 naturae
948 710 1112 757 inspicias,
1139 714 1249 753 aiunt,
1270 712 1419 757 scitatum
1436 727 1545 749 nomem
1566 717 1675 758 huius,
1704 727 1782 752 atte-

58 759 173 795 stantes
187 758 302 796 nostris
318 757 662 796 demonstrationibiis.
716 760 769 806 [If]
826 760 891 795 Isto
916 763 1016 809 igitur
1037 765 1212 798 inuentum
1230 763 1274 798 est
1293 763 1374 812 quid
1390 767 1524 807 Fatum,
1551 775 1583 801 et
1604 766 1781 816 quomodo

58 811 154 846 huius
175 809 290 846 mundi
307 822 419 847 natura
433 811 601 847 substantia
618 811 778 859 quaedam
797 824 852 846 ens
873 815 1087 860 incorporea:
1113 813 1275 862 siquidem
1297 828 1480 864 corporum
1502 816 1625 864 praeses
1649 827 1682 853 et
1698 822 1783 855 vita:

57 871 129 897 tum
144 860 330 904 substantia,
349 863 511 913 siquidem
528 862 714 898 intrinsecus
730 873 846 906 mouet
861 876 1002 913 corpora
1021 875 1052 899 et
1074 878 1144 900 non
1167 865 1207 900 de
1228 864 1337 915 soris,
1365 879 1505 902 mouens
1534 873 1647 903 omnia
1672 868 1783 905 secum

58 912 138 948 du'm
158 923 302 963 tempus,
337 924 370 950 ct
392 914 591 951 connectens·
615 918 768 949 onmium
790 924 899 949 motus
920 925 952 950 et
968 917 1177 963 temporibus
1198 927 1230 952 et
1251 917 1335 952 locis
1355 916 1569 954 distantiumf
1602 918 1782 957 fecundum

59 977 157 1013 quarn
172 975 203 1000 et
218 967 371 1002 mort-alia
388 976 582 1014 coaptantur
595 969 750 1005 aeternis,
779 975 810 1000 et
827 965 881 1001 illa
896 967 1179 1008 concirculantur,
1205 978 1236 1002 et
1256 970 1337 1004 haec
1359 972 1504 1004 inuicem
1522 974 1781 1018 compatiuntur.

58 1018 189 1052 Etenim
206 1029 288 1066 quae
305 1020 339 1052 in
352 1018 449 1053 nobis
464 1028 594 1057 natura,
626 1026 732 1064 partes
754 1029 869 1051 omnes
890 1020 1038 1064 eorporis
1063 1018 1165 1053 nostri
1186 1019 1323 1068 colligat
1345 1029 1376 1054 et
1401 1022 1586 1066 conneciit‚
1620 1035 1721 1070 eaque
1747 1027 1783 1059 iu

57 1071 200 1102 inuicem
215 1066 374 1103 fafftiones
392 1068 556 1117 ipsorum:
583 1079 613 1102 et
635 1067 679 1102 est
697 1070 809 1102 Fatum
825 1067 995 1116 quoddam
1012 1079 1044 1103 et
1059 1071 1138 1104 haec
1154 1070 1256 1104 nostri
1274 1074 1442 1118 corporis7
1470 1081 1501 1105 et
1515 1083 1550 1107 vt
1566 1075 1597 1107 in
1619 1072 1681 1109 isto
1702 1075 1783 1111 haec

58 1117 192 1167 quidem
210 1119 350 1154 existunt
364 1119 611 1168 principaliores
634 1128 759 1165 partes,
794 1120 873 1152 haec
896 1129 1005 1153 autem
1027 1123 1138 1154 minus
1161 1121 1373 1168 principale8.,
1408 1131 1441 1156 et
1467 1121 1677 1170 assequuntur
1702 1127 1781 1160 haec

56 1170 139 1204 illis:
193 1170 237 1205 fic
255 1173 366 1218 vtique
384 1180 416 1204 et
434 1173 465 1203 in
483 1179 574 1212 tom,
602 1179 631 1202 et
648 1166 850 1215 assequentes
866 1171 975 1203 minus
999 1170 1231 1216 principalium
1259 1175 1486 1218 generationes
1507 1175 1781 1221 principaliorum

57 1217 219 1262 motibus,
245 1231 324 1268 puta
341 1220 532 1256 coelestium
548 1218 710 1266 periodis.,
738 1231 822 1267 quae
844 1217 900 1254 sub
915 1220 994 1254 luna
1011 1222 1258 1266 generationes:
1287 1230 1319 1255 et
1342 1225 1455 1270 imago
1481 1227 1537 1271 qui
1559 1224 1654 1259 huius
1677 1230 1780 1260 circu-

54 1272 141 1314 ωε,ν
159 1279 226 1307 eius
247 1275 303 1321 qui
319 1272 434 1318 illius,
475 1280 508 1306 et
530 1273 566 1306 in
588 1273 736 1306 aeternis.
802 1272 845 1306 Et
866 1269 1037 1320 diuulgata
1057 1271 1139 1307 haec
1159 1274 1245 1307 entia
1267 1273 1420 1308 omnibus
1441 1277 1603 1324 antiquis,
1633 1277 1782 1326 ‘prelo-uf

51 1333 134 1372 gare
153 1324 249 1362 nolo,

224 1431 313 1464 vm.
349 1427 598 1464 Prouidentiam
624 1430 732 1476 itaque
751 1439 822 1461 non
842 1426 886 1461 est
910 1427 967 1462 tibi
992 1426 1127 1463 difficile
1147 1425 1277 1469 videre,
1307 1441 1406 1477 quam
1431 1428 1579 1466 dicimus.
1634 1434 1667 1468 Si
1691 1437 1781 1470 enim

57 1478 188 1516 fontem
207 1481 390 1519 bonorum,
416 1484 561 1528 primum
580 1479 716 1528 quidem
740 1477 887 1512 diuinam
911 1477 1012 1526 ipsam
1034 1477 1161 1514 causam
1183 1478 1403 1516 determinans
1426 1483 1513 1518 redte
1536 1482 1632 1518 dices.
1684 1484 1782 1520 Vnde

57 1535 146 1567 enim
163 1530 292 1566 aliunde
314 1532 467 1566 omnibns
484 1533 569 1566 bona
586 1544 685 1579 quarn
707 1527 888 1565 diuinitus?
924 1532 971 1564 Ita
995 1540 1030 1566 vt
1055 1531 1222 1566 bonorum
1246 1530 1400 1579 quidem⁷
1435 1537 1478 1568 ait
1502 1534 1611 1576 Flam,
1647 1536 1780 1571 nullum

56 1584 157 1619 alium
175 1580 371 1618 causandum
385 1596 482 1631 quam
497 1586 619 1619 Deum.
672 1579 803 1617 Deinde
817 1581 970 1616 omnibus
986 1580 1217 1629 superstantem
1242 1582 1608 1633 intelligentialibusque
1631 1595 1663 1621 et
1683 1586 1778 1622 senfi-

56 1635 194 1674 bilibus,
224 1633 426 1680 superiorem
443 1633 504 1669 effe
520 1637 611 1671 Fato,
664 1634 705 1667 Et
727 1645 810 1680 quae
834 1630 971 1680 quidem
992 1631 1050 1668 sub
1070 1635 1150 1668 Fato
1176 1636 1278 1674 entia,
1313 1644 1345 1669 et
1364 1633 1420 1670 sub
1442 1636 1652 1672 Prouidentia
1675 1637 1781 1686 perse-

55 1699 186 1727 verare,
213 1686 253 1724 τὸ
280 1690 432 1721 connecti
452 1684 587 1734 quidem
609 1699 626 1718 a
645 1685 725 1719 Fato
744 1684 914 1725 habentia,
951 1684 1124 1719 bonificari
1149 1694 1260 1719 autem
1281 1698 1299 1718 a
1322 1685 1551 1729 Prouidentia,
1587 1698 1620 1722 vt
1643 1698 1675 1724 et
1699 1702 1780 1724 con-

56 1741 156 1774 nexio
177 1738 277 1772 finem
293 1740 408 1772 habeat
425 1741 568 1773 bonum,
597 1747 628 1770 et
646 1733 855 1770 Prouidentia
869 1737 936 1770 Fati
951 1737 985 1770 in
1004 1733 1036 1771 se
1057 1734 1131 1783 ipsa.
1189 1737 1283 1784 Qae
1305 1736 1414 1771 autem
1441 1738 1568 1774 rursum
1589 1738 1646 1774 sub
1667 1741 1780 1776 Proui-

56 1788 186 1829 dentia,
222 1802 292 1824 non
314 1789 420 1823 adhuc
441 1791 554 1822 omnia
576 1785 726 1835 indigere
747 1795 779 1820 et
799 1788 896 1827 Fato,
929 1785 983 1822 sed
1009 1787 1267 1835 intelligentialia
1290 1787 1330 1822 ab
1353 1789 1422 1823 hoc*
1442 1799 1568 1825 exemta
1589 1788 1661 1828 esse.
1716 1791 1781 1826 Vbi

56 1852 164 1876 autem
183 1843 216 1876 in
231 1844 399 1887 corporeis
420 1843 565 1887 penitus,
596 1837 756 1886 siquidem
777 1847 808 1871 et
829 1836 869 1876 τὲ
892 1839 1047 1873 εοηῐιεὲὶῐ
1068 1847 1098 1873 et
1122 1847 1250 1885 tempus
1272 1837 1400 1874 inducit
1421 1850 1452 1875 et
1475 1841 1684 1889 corporalem
1707 1852 1780 1876 mo·

55 1903 136 1930 tuin,
193 1892 243 1929 Ad
269 1893 347 1926 haec
373 1894 469 1926 etiam
498 1901 528 1924 et
553 1890 663 1929 Plato,
696 1898 730 1922 vt
747 1888 901 1934 aestimo,
940 1887 1110 1937 respiciens
1135 1887 1236 1930 dixit,
1271 1892 1408 1925 mixtam
1430 1890 1566 1939 quidem
1588 1891 1780 1927 huiusmodi

56 1942 298 1980 consistentiam
314 1957 353 1977 ex
371 1943 538 1978 intellectu
557 1951 587 1975 et
601 1937 802 1980 neceffitate,
829 1939 995 1975 intellectu
1012 1943 1227 1989 participante
1251 1938 1428 1976 necessitati
1449 1955 1648 1991 corporum:
1682 1945 1779 1978 moti-

56 2009 130 2031 vam
147 1993 290 2034 causam,
320 1993 538 2030 neccslitaiem
563 2004 703 2032 vocam,
738 2004 838 2040 quam
858 2000 889 2026 et
911 1994 944 2026 in
964 1992 1033 2026 aliis
1057 1994 1171 2027 Fatum
1196 1991 1393 2040 appellauit,
1423 1995 1619 2041 corporibus
1641 1993 1718 2028 dans
1741 1995 1780 2029 ab

55 2049 123 2082 hoc
137 2049 212 2093 cogi
232 2049 280 2088 iis,
298 2057 379 2093 quae
395 2046 433 2079 ab
449 2044 517 2092 ipso
534 2054 722 2079 mouentur.
786 2045 826 2077 Et
845 2044 910 2076 hoc
927 2043 1022 2077 recie-
1082 2045 1192 2078 Omne
1217 2045 1306 2077 enim
1328 2056 1448 2092 corpus
1467 2047 1599 2091 cogitur
1621 2055 1654 2084 et
1675 2043 1780 2080 facere

54 2098 281 2148 quodcunque
298 2097 393 2139 facit,
421 2107 451 2132 et
470 2099 533 2145 pati
551 2094 774 2144 quodcunque
787 2096 927 2142 patitur⁷
955 2091 1131 2130 calefacere
1151 2104 1182 2128 et
1199 2092 1360 2135 calefieri,
1390 2105 1422 2129 et
1444 2093 1635 2144 infrigidare
1660 2107 1713 2130 aut
1737 2099 1783 2131 in-

1615 2144 1764 2196 frigidari
1773 2176 1783 2196 :

102 2279 148 2319 w)
173 2281 237 2309 lmo
251 2269 398 2318 praeter.⁴

101 2358 142 2395 x)
166 2353 301 2386 Oracula
323 2351 428 2385 Chald.
441 2349 546 2395 infra,
569 2360 633 2392 cap.
649 2360 693 2387 ¹⁴·

58 2423 127 2456 Vol.
145 2423 204 2454 IX.
1004 2411 1027 2445 B
1044 2408 1061 2443 b
1079 2409 1098 2441 b
