2023 2656
76 186 143 214 Vol.
158 186 196 213 V.
211 193 237 219 p.
251 189 306 217 328·
735 184 931 219 SCRIPTA
959 184 1106 220 EDITA

80 222 288 236 ..—

1338 188 1412 222 Lib.
1426 188 1471 225 V.
1488 201 1511 225 c.
1523 189 1707 228 XXVIII.
1761 203 1800 237 57

36 313 38 315 ,
79 285 167 319 XVI.
191 294 242 308 -‘—·
299 279 484 315 Florentiae
507 282 542 314 in
564 275 640 314 cod.
661 279 812 314 Laurent.
835 276 959 314 Medic.
975 279 1039 314 ·v1.
1060 291 1110 315 nr.
1135 289 1188 323 ²9·
1211 277 1292 326 plut.
1315 285 1369 318 80·
1387 294 1417 315 v.
1447 283 1590 318 Bandin.
1613 295 1672 319 cat.
1696 283 1796 321 codd.

36 325 45 333 ’
75 348 124 384 gr.
138 335 291 368 Laurent.
309 333 370 366 111.
390 344 423 379 p.
452 337 522 374 184.
547 333 604 380 qui
628 330 740 365 Allatii
755 329 870 365 locum
885 329 1036 365 nostrum
1059 329 1100 365 ad
1117 331 1254 366 verbum
1275 329 1449 379 exscripfit.
1502 332 1594 370 Pselli
1616 335 1796 385 synopseos

44 385 56 394 χ
73 382 290 434 opusculum,
316 383 393 418 licet
412 382 557 432 aliquam
574 382 744 417 vtilitatem
762 380 802 416 ad
818 384 897 417 iuris
910 385 1020 430 graeci
1038 385 1266 431 cognitionem
1288 380 1430 425 adferat.¹
1456 393 1565 421 tamen
1579 387 1690 423 multis
1707 402 1800 425 erro-

13 465 16 469 .
71 437 159 473 ribus
174 434 237 471 effe
252 432 428 478 refertum.
455 432 578 469 iudicat
600 434 741 468 Baebius
760 436 794 468 in
807 433 940 469 historia
956 432 1129 482 iurisprud.
1151 445 1235 468 rom.
1254 433 1309 469 lib.
1329 436 1386 470 IV.
1409 446 1477 483 cap.
1510 448 1540 471 2.
1562 437 1636 474 sedi.
1655 440 1694 477 ΙΙ,
1710 437 1743 486 §,
1762 446 1794 480 3,

66 498 143 537 pag,
161 490 229 532 631.
249 485 300 523 ed.
316 487 546 526 Stockmanni,
575 487 667 519 cuius
682 494 776 520 notas
792 482 957 520 conferes.
981 485 1068 520 Add.
1081 485 1208 520 Anton.
1223 484 1442 533 Angustinum
1457 490 1491 522 in
1505 487 1591 523 libro
1604 491 1655 525 lV.
1673 492 1793 527 Emen-

41 533 45 536 ’
68 539 147 576 dm.
169 552 237 587 cap.
263 550 291 581 3.
314 540 347 572 in
371 539 506 574 Ottonis
530 535 702 572 Thefiwro
725 539 788 571 iur.
813 546 896 572 tom.
913 537 972 571 IV.
995 549 1070 585 pag.
1099 547 1178 581 1531.
1203 556 1254 562 —
1306 537 1463 583 Zepernik
1481 538 1617 587 quidem
1636 540 1676 575 ad
1693 544 1791 592 Casp.

67 591 184 626 Achat.
200 591 297 625 Beck.
314 588 354 623 de
367 588 521 624 Nouellis
539 589 660 622 Leonis
675 585 814 636 Augusti
829 597 888 624 etc.
905 601 937 635 p.
954 599 1007 632 50.
1021 586 1127 636 ipsum
1142 600 1226 636 opus
1242 588 1374 623 mendis
1390 603 1530 625 vacuum
1546 604 1615 627 non
1629 590 1692 627 effe
1708 607 1789 630 con-

67 639 177 685 cedit3
200 639 291 675 addit
306 650 434 681 tamen,
462 651 589 675 errores
603 638 653 674 vel
671 638 776 674 Psello
794 653 870 674 cum
886 639 1019 688 reliquis
1035 642 1165 675 Graecis
1179 652 1374 675 communes
1394 639 1458 676 effe
1471 670 1480 684 ,
1507 641 1559 677 vel
1585 656 1603 678 e
1620 644 1789 680 maculatis

10 733 12 736 y
70 692 170 729 codd.
189 695 318 732 venire,
346 691 399 726 vel
421 693 517 725 metri
537 700 569 725 et
592 694 744 726 carminis
767 691 987 726 incommodo
1008 689 1071 726 effe
1092 690 1294 727 tribuendos.
1321 711 1371 718 —
1423 693 1498 729 Post
1519 695 1722 743 Bosquetum
1746 695 1789 732 de

23 786 27 787 ⁷
65 755 156 780 noua
171 742 263 779 Pselli
279 741 423 778 editione
441 741 632 778 adornanda
646 745 806 791 cogitauit
821 741 946 778 Cornel.
969 755 988 778 a
1003 744 1127 784 Siebm,
1155 756 1294 792 eamque
1314 746 1349 780 in
1367 757 1436 779 rem
1453 743 1626 781 obseruatt.
1649 750 1789 791 criticas,

64 793 196 830 insertas
215 793 396 831 Obseruatt.
414 792 548 831 miscell.
566 798 598 830 in
615 796 739 830 aueior.
757 804 834 830 vett.
851 804 882 828 et
898 797 1071 830 recentior.
1092 795 1159 831 vol.
1178 798 1235 830 VI.
1259 809 1293 844 p.
1319 808 1388 840 ¹99·
1411 793 1478 845 sqq.
1499 795 1684 844 speciminis
1707 799 1786 835 loco

65 845 190 889 emifit3
217 856 249 880 at
264 843 336 880 fatis
354 847 550 893 interceptus
570 845 672 881 fldem
697 844 803 881 datam
827 846 987 894 praestare
1009 858 1079 881 non
1102 849 1223 895 potuit.
1276 846 1400 882 Abrah.
1424 860 1560 897 qnoque
1577 850 1785 899 Wielingizcs,

62 897 140 933 teste
155 900 287 933 Reitzio
305 899 338 932 in
357 894 492 946 praefat.
509 895 550 932 ad
569 898 754 945 Theophil.
771 911 845 947 pag.
859 899 914 933 XI.
931 896 1106 933 consilium
1125 907 1252 946 ceperat
1266 897 1358 934 Pselli
1374 898 1515 943 edendi;
1541 909 1573 934 at
1588 905 1677 936 exitu
1695 901 1786 938 felici

63 951 175 985 caruit.
227 946 385 984 Tandem
402 949 541 984 Gerard.
555 951 744 984 splen-mann
763 952 916 998 Bosqueti
934 948 1008 984 edit.
1025 948 1159 985 adiectis
1183 950 1324 985 Siebenii
1341 948 1512 985 obseruate.
1533 961 1564 986 et
1585 965 1661 987 cum
1684 956 1783 989 inter-

35 1010 48 1017 ‘
58 1002 244 1049 pretatione
258 999 375 1039 latina,
401 1000 440 1034 ab
458 1000 658 1035 Archibaldo
676 1000 842 1035 Maclaine
857 999 1006 1049 suppleta
1022 1010 1120 1049 atque
1135 1000 1325 1042 emendata,
1354 1000 1465 1036 recudi
1491 999 1570 1038 fecit
1584 1006 1617 1038 in
1632 1003 1782 1039 Thesau-

62 1064 102 1087 ro
119 1054 197 1086 iuris
212 1050 299 1086 ciuil.
317 1061 348 1086 et
361 1054 529 1092 canonici,
558 1063 639 1086 tom.
656 1054 680 1086 Ι.
734 1054 849 1100 Hagae
864 1054 1040 1087 Comitum
1064 1063 1148 1096 1751.
1171 1050 1230 1087 fol.
1254 1065 1328 1101 pag.
1350 1064 1404 1095 40.
1426 1050 1491 1102 sqq.
1512 1065 1542 1089 et
1556 1056 1731 1090 Meerman
1746 1058 1783 1092 in

60 1099 165 1151 praef.
180 1103 230 1136 vbi
248 1115 280 1150 p.
297 1105 355 1137 VI.
371 1100 414 1150 sq.
431 1102 592 1150 quaedam
611 1102 651 1136 de
669 1100 770 1138 Psello
788 1102 981 1144 adnot-anit,
1017 1117 1056 1139 ex
1072 1103 1171 1138 codd.
1189 1106 1292 1138 citatis
1315 1103 1338 1138 ss
1354 1107 1461 1139 variae
1484 1105 1644 1141 lectiones
1658 1106 1698 1140 ad
1714 1120 1783 1142 rna·

61 1165 120 1188 nus
138 1151 288 1193 fuissent,
318 1153 426 1200 plures
442 1153 537 1187 locos
554 1156 585 1185 in
602 1152 724 1191 Psello,
752 1151 1002 1195 animaduertit,
1030 1157 1084 1201 qui
1111 1164 1266 1200 corrupte
1291 1157 1356 1188 iam
1378 1155 1553 1201 leguntur,
1580 1157 1701 1192 restitui
1719 1171 1781 1206 po-

60 1202 163 1239 tuisse.
215 1206 264 1239 Ex
282 1203 341 1238 illo
357 1201 530 1238 Thesauro
549 1204 644 1236 Mich.
664 1202 761 1248 Pfilli
779 1201 933 1248 synopsin
951 1203 1063 1252 legum
1081 1216 1156 1237 cum
1172 1203 1270 1238 latina
1285 1205 1486 1251 interpretat.
1509 1215 1540 1240 et
1563 1210 1651 1241 notis
1667 1210 1780 1244 Franc.

56 1255 211 1304 Bolqueti
227 1265 258 1289 et
275 1253 496 1289 selectioribus
515 1251 686 1288 obseruatt.
703 1256 807 1288 Corn.
822 1256 962 1288 Siebenii
983 1252 1206 1289 recudendam
1225 1257 1367 1294 curauit.
1396 1265 1428 1289 et
1449 1256 1606 1291 meliores
1630 1258 1717 1293 ledit.
1738 1274 1781 1296 ex

57 1306 148 1342 editt.
168 1306 376 1354 Siebeniique
392 1307 481 1340 notis
497 1304 663 1340 hincinde
680 1303 856 1354 rescripsit,
882 1316 937 1341 aut
952 1304 1018 1353 ipse
1037 1304 1204 1340 interdum
1227 1309 1429 1354 excogitauit
1450 1308 1578 1344 Ludou.
1604 1310 1780 1346 Teucherus

58 1360 146 1407 Lips.
172 1363 263 1401 1789.
284 1363 315 1396 8.
333 1358 458 1404 repetit.
480 1358 515 1391 in
540 1358 739 1392 Auctoribus
760 1370 811 1406 gr.
836 1358 1041 1398 minoribus,
1077 1371 1153 1393 cura
1176 1357 1252 1395 Chr.
1280 1358 1418 1403 Theoph.
1441 1360 1594 1401 Kuinoel,
1631 1371 1713 1401 tom,
1736 1365 1780 1398 11.

56 1422 90 1458 p.
113 1421 136 1444 1.
153 1407 220 1457 sqq.
237 1411 324 1457 Lips.
341 1412 436 1453 1736.
454 1414 485 1447 8.
541 1406 626 1447 Add.
642 1411 705 1444 Ios.
721 1410 849 1444 Mariae
861 1411 996 1458 Suaresti
1010 1411 1172 1444 Notitiam
1189 1407 1353 1444 Bafilicor.
1368 1409 1488 1458 (quam
1504 1411 1628 1448 Fabric.
1641 1411 1779 1462 quoque

55 1461 123 1503 vol.
137 1463 211 1496 XII.
229 1472 260 1507 p.
272 1461 349 1503 467.
368 1458 435 1508 sqq.
451 1457 661 1501 inseruerat.)
689 1458 846 1495 recensuit
861 1471 892 1495 et
908 1463 1002 1495 variis
1025 1458 1207 1497 Obseruatt.
1229 1463 1320 1495 auxit
1338 1462 1386 1499 D.
1413 1461 1529 1508 Christ.
1554 1464 1667 1499 Fried.
1688 1466 1775 1501 Poh-

53 1512 134 1553 lius.
162 1513 299 1547 ciuitatis
316 1510 471 1558 Lipsiens.
487 1513 615 1546 senator
633 1521 664 1546 et
676 1509 842 1557 syndicus.
858 1515 945 1561 Lips.
961 1518 1054 1555 1804.
1072 1518 1104 1551 8.
1128 1511 1160 1559 ᾗ.
1177 1514 1250 1547 vu.
1264 1525 1297 1561 p.
1313 1523 1363 1555 23.
1381 1510 1449 1561 sqq.
1475 1515 1576 1550 Harl.

218 1594 363 1644 [XL1X.]
390 1592 546 1631 Eiusdem
563 1581 779 1631 ad'eumdem
792 1593 837 1642 Μ’)
853 1596 1055 1635 Michaelem
1068 1599 1199 1634 Ducam
1215 1599 1360 1633 carmina
1374 1595 1530 1642 politica,
1557 1599 1597 1635 de
1610 1600 1777 1649 Dogmata

1659 1665 1779 1701 graece

96 1765 151 1803 hh)
175 1768 210 1797 In
232 1767 293 1796 MS.
318 1765 477 1802 caesareo,
514 1764 551 1796 ad
577 1767 806 1797 Constantinum
824 1770 893 1798 Mo-

55 1811 247 1839 nomachum.
280 1809 358 1840 Vide
370 1809 509 1840 Lambec.
523 1812 575 1839 Vl.
591 1821 620 1850 p.
638 1815 695 1846 163.
718 1810 812 1841 Fabr.
859 1813 892 1840 In

53 1852 102 1882 ed.
121 1851 233 1882 Kollar.
252 1863 281 1892 p.
298 1858 360 1887 368.
386 1852 423 1882 de
447 1852 516 1882 cod.
533 1855 666 1882 XLVIII.
689 1855 720 1882 in
743 1864 803 1894 quo
827 1853 892 1883 sunt

54 1895 150 1926 Mich.
173 1893 265 1935 Pselli
291 1905 430 1935 poemata
460 1897 518 1925 tria
540 1896 670 1925 versibus
701 1896 833 1936 politicis
855 1896 911 1933 de,

53 1938 253 1979 dogmatibus
272 1938 349 1978 fidei
377 1938 579 1978 christianae,-
616 1938 650 1968 dp
678 1939 892 1969 Numocanone

53 1981 179 2018 photii,
202 1982 391 2023 patriarchae
411 1981 582 2016 CPolitani‚
609 1990 637 2010 et
652 1980 688 2012 de
693 1981 808 2023 septem
823 1992 888 2013 con—

53 2025 133 2056 ciliis
148 2025 352 2057 oecumenicis.
394 2024 504 2055 Eadem
525 2025 583 2053 tria
605 2027 739 2054 carmina
760 2025 826 2055 snut
848 2026 889 2055 ib.

54 2069 86 2098 in
103 2067 171 2098 eod.
188 2070 382 2098 CCCXXXV.
400 2079 428 2097 v.
444 2066 586 2099 Lambcc.
610 2066 671 2097 vol.
687 2079 757 2104 490.
781 2067 823 2109 sq.
847 2085 888 2093 —

51 2112 97 2142 De
111 2111 222 2152 septem
246 2110 363 2146 [vnodis
388 2112 419 2140 in
444 2109 510 2140 cod.
535 2109 698 2140 Ssortiano.
722 2122 750 2140 v.
773 2110 889 2152 llffomssf.

53 2153 130 2185 Bibl.
159 2153 231 2183 bibl.
256 2155 335 2183 MSS.
359 2165 388 2195 p.
412 2156 481 2190 696.
499 2153 538 2185 D.
559 2170 600 2176 —
625 2151 662 2182 de
686 2153 889 2191 dogmatibus,

52 2197 221 2228 Mediolani
236 2198 268 2226 in
286 2195 361 2227 bibl.
384 2197 521 2226 Ainbros.
544 2197 614 2226 teste
630 2196 801 2237 [montfanc.
825 2197 844 2227 l.
862 2209 889 2228 c.

53 2249 122 2280 pag.
138 2247 208 2276 502.
224 2238 266 2269 A.
288 2255 330 2262 —
376 2239 481 2270 Paris.
501 2242 533 2269 in
550 2238 618 2271 cod.
636 2242 889 2271 MDCCLXXXH.

52 2281 128 2313 Bibl.
144 2281 228 2323 publ.
244 2281 344 2312 versus
360 2281 489 2322 politici.
503 2293 548 2312 nr.
560 2293 589 2319 4.
603 2282 640 2313 dc
655 2284 786 2314 conciliis
798 2293 890 2324 gene-

51 2326 172 2356 ralibus
190 2336 234 2355 nr.
250 2333 274 2361 5.
299 2324 407 2366 defide
429 2335 457 2355 et
482 2336 527 2356 nr.
551 2329 580 2356 6.
601 2326 636 2356 de
659 2325 824 2367 thrologia.
847 2343 890 2350 —

52 2368 186 2400 Florem.
211 2370 243 2398 in
263 2367 332 2400 cod.
353 2371 491 2401 xxvm.
516 2379 560 2399 ur.
581 2379 594 2400 ι
610 2385 653 2393 —-—
668 2379 691 2407 3.
717 2369 791 2412 plut.
811 2372 888 2403 le.

80 2435 159 2470 ‘Veh
178 2435 221 2469 Χ-

937 1768 967 1808 1)
990 1768 1135 1811 expositio
1147 1767 1226 1811 fidei
1248 1768 1369 1800 tradita
1389 1768 1434 1800 ad
1449 1778 1568 1805 eorum,
1603 1770 1658 1811 qui
1677 1770 1776 1812 ipsum

935 1811 1143 1848 damnabant,
1163 1812 1414 1853 redargutionem
1423 1824 1437 1847 ;
1466 1812 1564 1842 dicata
1579 1824 1699 1854 qnoque
1714 1817 1775 1844 im-

936 1858 1069 1895 peratori
1084 1855 1278 1897 Constantino
1301 1857 1509 1886 Monoinacho
1532 1865 1548 1884 a
1563 1855 1772 1896 Constantino,

934 1899 978 1927 vti
1002 1900 1034 1928 in
1065 1898 1263 1940 inscriptione
1293 1898 1424 1934 dicitnr,
1460 1897 1577 1938 Rsss’llae
1609 1898 1658 1928 sed
1690 1901 1772 1931 hunc

933 1940 1014 1970 hand
1031 1939 1182 1970 diuersum
1204 1940 1262 1970 esse
1281 1950 1297 1969 a
1319 1941 1413 1972 Mich.
1432 1940 1544 1977 psello,
1568 1943 1627 1971 iam
1651 1944 1770 1972 monui-

933 1994 1015 2020 mus,
1037 1991 1127 2025 atque
1146 1983 1329 2025 particulae,
1352 1994 1428 2024 quae
1437 1985 1548 2023 ginsshoc
1564 1984 1631 2013 cod.
1644 1984 1770 2026 sequnn-

932 2035 993 2062 tur,
1016 2036 1045 2056 et
1059 2028 1095 2056 ab
1103 2027 1215 2057 Allatio
1226 2027 1398 2056 tribuuntur
1407 2026 1770 2069 qnoqueriliclzaeliPJM-

932 2070 979 2107 lo,
1007 2070 1073 2099 sunt
1092 2072 1165 2111 imp.
1187 2069 1281 2101 mich.
1305 2069 1409 2100 Dusae
1430 2069 1637 2107 consecratae,
1661 2082 1769 2113 nempe

932 2117 965 2148 2)
989 2123 1108 2142 carmen
1127 2113 1163 2142 ad
1187 2114 1259 2153 imp.
1278 2113 1370 2142 Mich.
1388 2115 1499 2142 Ducam
1519 2115 1650 2143 versibus
1665 2117 1769 2148 XCVI.

933 2155 970 2185 de
986 2155 1146 2193 dtiginate;
1167 2156 1197 2193 3)
1221 2155 1315 2185 eiusd.
1332 2154 1368 2183 ad
1384 2155 1522 2185 cumdem
1537 2155 1574 2185 de
1585 2156 1693 2197 septem
1706 2156 1768 2191 syn.

933 2198 1018 2235 odis,
1048 2199 1177 2228 vei-sibus
1201 2198 1317 2239 politic.
1339 2200 1493 2228 LXXXIX.
1509 2198 1659 2239 (adeoque
1675 2198 1769 2239 pluri-

934 2242 1004 2277 bus,
1028 2252 1116 2282 qnam
1134 2242 1250 2271 Fabric.
1269 2242 1298 2269 in
1317 2250 1379 2272 not.
1396 2244 1412 2258 ⁵
1427 2241 1622 2281 numen-anit.)
1639 2253 1665 2271 v.
1682 2242 1768 2272 Ban-

933 2285 996 2315 din.
1013 2291 1069 2314 cat.
1086 2283 1176 2323 codd.
1194 2294 1236 2321 gr.
1254 2286 1340 2313 Lanr.
1357 2286 1396 2312 11.
1413 2294 1442 2323 p.
1457 2292 1520 2321 547.
1536 2283 1576 2324 sq.
1620 2286 1770 2316 Totidem

934 2338 1055 2369 quoqne
1070 2327 1201 2356 versibus
1215 2325 1245 2355 il
1260 2336 1378 2355 carmen
1393 2328 1507 2355 constat
1519 2328 1550 2355 in
1565 2326 1632 2356 cod.
1649 2330 1695 2357 LI.
1713 2327 1769 2358 fol.

934 2381 998 2410 ¹27·
1016 2369 1090 2401 bibl.
1115 2372 1229 2402 Matrit.
1251 2379 1313 2406 reg.
1356 2372 1392 2400 ln
1415 2368 1484 2400 eod.
1504 2368 1574 2400 cod.
1600 2372 1652 2412 qni
1675 2370 1770 2401 multa

1055 2431 1091 2465 H
