2023 2656
248 142 312 186 '2’32
361 136 433 175 Lib.
448 131 683 174 Vc.XVIJJ.
784 131 913 174 AETn
939 134 1106 171 MEDICi
1128 134 1268 171 CODD.
1291 132 1355 171 ET
1376 136 1481 173 EDD.
1691 137 1755 163 Vol·
1776 138 1850 165 Vm·
1873 132 1967 185 9222

257 247 333 287 pag,
361 245 426 278 139.
455 229 527 275 146.
556 240 614 275 151.
641 239 702 275 133.
731 239 794 273 157.
817 240 884 274 159·
911 229 983 263 160.
1012 229 1081 264 166.
1110 230 1179 268 168.
1207 239 1238 264 et
1267 229 1335 274 169'.
1365 247 1413 255 -—
1469 229 1612 265 1521252‘5'5}
1644 232 1679 266 in
1706 230 1785 266 bibl.
1811 233 1854 268 D.
1881 234 1970 268 Mar-

257 291 289 323 ci
314 285 387 322 sunt
413 286 449 319 in
473 281 550 318 eod.
573 283 808 318 CCLXXXIX.
835 280 912 315 libri
933 282 1007 314 VII.
1034 281 1177 328 priores,
1206 290 1237 315 et
1263 283 1298 315 in
1331 277 1406 315 cod.
1435 283 1566 316 CCXC.
1598 281 1672 317 libri
1698 294 1834 317 ¹nouem
1865 282 1973 331 poste·

257 341 381 380 1·iores·,
406 339 444 371 in
468 332 544 370 cod.
571 343 679 368 autem
695 333 842 367 CCXCI.
867 330 944 365 libri
970 328 1131 372 sedecim3
1159 328 1302 378 deniqne
1327 334 1362 365 in
1389 329 1463 365 cod.
1491 332 1645 367 DXCVI.
1674 332 1751 367 libri
1778 334 1857 368 oc‘ko
1885 336 1973 382 prio-

257 401 319 425 res.
344 401 376 423 v.
400 395 460 422 cat.
486 382 587 421 codd.
612 397 663 433 gr.
690 384 795 419 Marc.
822 386 990 430 pag.,138-
1018 390 1050 415 et
1075 392 1140 423 3¹2-
1167 391 1198 416 et
1225 382 1285 416 cel.
1313 383 1483 416 Mor-ellum
1511 385 1546 417 in
1572 382 1650 418 bibl.
1677 396 1725 431 gr.
1753 393 1785 418 et
1808 385 1863 419 lat.
1895 395 1978 420 insta

257 441 365 477 Marc.
392 447 476 473 tom.
503 440 529 472 1.
552 449 628 484 pag.
652 437 716 479 165.
745 432 786 468 de
815 432 891 470 cod.
917 434 1152 470 CCLXXXIX.
1180 435 1329 480 inprimis
1355 446 1429 480 pag,
1458 435 1528 467 166.
1555 430 1595 467 de
1623 434 1698 468 cod.
1727 435 1865 470 CCXCI
1891 449 1978 471 ava.

258 494 383 527 riarum
414 488 599 523 lediionum
631 487 776 521 bonitate
810 483 1090 524 commendabili,
1135 492 1166 518 et
1193 497 1293 532 quein
1319 484 1462 519 contulit
1487 484 1633 530 Weigel.
1689 484 1842 527 Accedit,
1884 495 1918 521 vt
1945 489 1980 522 in

258 539 456 590 quibusdam
480 537 580 574 codd.
608 539 704 573 Paris.
732 535 871 583 aliisque
896 534 1050 581 Africani
1075 536 1122 578 (h.
1150 547 1177 570 e.
1206 537 1293 569 Sexti
1320 535 1394 569 lulli
1422 533 1584 578 Africani)
1614 545 1804 583 excerptum
1831 534 1872 571 de
1892 550 1979 586 pon-

258 593 391 627 deribus
417 599 449 625 et
473 585 643 626 mensuris.
669 606 720 614 —
771 589 810 620 In
834 585 912 620 bibl.
937 586 1094 633 Esborial.
1123 585 1216 633 Hisp.
1244 585 1336 622 Aelii
1362 585 1488 628 (vitiose
1515 583 1602 634 apud
1629 588 1730 621 Pliier
1764 590 1797 621 in
1825 589 1897 627 itin.
1919 600 1978 636 per

257 641 352 691 Hisp.
380 654 455 690 pag.
482 650 543 685 155.
572 639 659 675 Aelii
684 637 851 674 Armideni
877 636 1021 679 Gmitis,
1057 646 1088 671 et
1114 639 1147 671 in
1182 637 1301 673 Clarkii
1332 633 1462 671 Briesen
1497 649 1564 671 von
1598 637 1674 671 dein
1707 641 1980 686 gegenw'zirtigen

258 692 422 731 Zustande
451 690 505 727 des
532 693 671 738 Konigr.
697 691 793 739 Span.
820 701 854 736 p.
879 687 953 733 394.
977 687 1097 733 Aelii)
1123 689 1158 722 in
1185 696 1327 736 quatuor
1353 685 1450 721 codd.
1478 700 1530 735 gr.
1569 687 1596 730 1)
1625 687 1815 723 Medicinae
1850 691 1977 724 retrabi-

258 745 331 782 blos
354 747 380 779 1.
403 753 435 778 et
461 745 506 779 ΙΙ.
533 741 697 779 sermones
734 739 823 782 duo;
873 742 909 780 2)
944 739 1101 774 tetrabibl.
1132 741 1156 774 Ι.
1202 737 1245 785 3)
1279 737 1363 773 duae
1390 738 1541 780 vltimae3
1584 740 1620 781 4)
1647 737 1687 773 dc
1713 749 1781 774 arte
1813 738 1979 776 medendi.

258 815 310 824 —
333 796 447 831 Paris.
473 806 584 830 rerum
610 791 797 828 medicinal.
823 790 915 831 libri,
943 793 979 825 in
1005 788 1184 825 duodecim
1212 787 1311 824 codd.
1363 790 1471 837 Atque
1502 787 1632 824 secund.
1666 789 1759 825 catal.
1792 789 1890 825 codd.
1925 795 1980 826 l'a-

257 850 313 885 ris.
347 846 413 880 vol.
446 848 489 880 ΙΙ.
523 847 559 880 in
595 842 693 879 codd.
725 842 930 878 MMCXCI.
962 851 993 876 et
1025 839 1406 889 sequentibuseduobuss
1436 842 1513 874 item
1539 843 1575 874 in
1611 838 1686 875 cod.
1713 842 1981 879 MMCXCVHI.

259 897 334 935 sunt
358 896 435 933 libri
461 895 521 944 ipsi
547 893 705 935 sedecim,
733 903 765 928 et
788 902 953 942 praeterea
978 895 1014 926 in
1041 894 1151 940 primo
1178 891 1336 932 illorum,
1365 904 1413 925 nr.
1443 902 1474 934 4.
1510 890 1595 926 liber
1625 890 1817 941 singularis,
1853 894 1906 928 vbi
1942 892 1984 928 de

259 948 594 995 rebus'chirui·gici8‚
620 944 902 983 antibassomenis‚
927 941 1130 992 ponderibus
1156 955 1194 976 ac
1220 940 1377 977 mensuris
1398 945 1522 988 agitur,
1566 953 1596 977 ct
1625 955 1642 976 a
1669 942 1839 978 noiuiullis
1871 945 1984 980 tribui-

262 1009 317 1036 tur
342 997 460 1033 Aetio:
486 1000 522 1033 in
548 995 647 1032 codd.
674 996 907 1037 MMCXCIV.
935 1004 966 1029 et
992 994 1092 1028 tribus
1117 992 1342 1041 sequeiitibu8‚
1368 1006 1405 1027 ac
1432 995 1657 1028 MDXXXIII.
1685 993 1885 1044 reliquisque
1911 993 1986 1031 sunt

261 1052 434 1101 pauciores
459 1048 546 1087 libri,
598 1050 639 1083 In
667 1045 765 1082 codd.
791 1046 1138 1081 MMDCCCXLVII.
1163 1057 1212 1078 nr.
1241 1045 1271 1077 6.
1299 1052 1330 1078 et
1354 1055 1386 1087 7.
1409 1042 1501 1079 Arrii
1527 1046 1569 1079 ΙΙ.
1594 1041 1777 1092 fragmenta
1805 1044 1846 1080 de
1867 1047 1985 1082 Tlieo-

262 1101 340 1137 dori
366 1097 539 1141 antidoto,
567 1108 598 1134 et
626 1096 666 1133 de
693 1096 836 1134 curanda
862 1094 1022 1145 podagra.
1050 1091 1152 1130 Conf.
1183 1095 1318 1142 Weigel.
1346 1092 1426 1141 disp.
1454 1106 1489 1143 p.
1522 1106 1572 1137 27.
1604 1092 1650 1142 sq.
1683 1094 1770 1144 apud
1803 1109 1904 1145 quem
1939 1095 1987 1132 di.
2014 1091 2017 1093 Α

262 1149 371 1188 versus
397 1150 442 1186 est
467 1150 692 1199 plurimorum
718 1147 818 1186 codd.
846 1150 943 1183 Paris.
971 1158 1142 1181 numerus:
1169 1148 1271 1180 trium
1297 1144 1398 1180 codd.
1425 1147 1494 1180 Par.
1520 1145 1679 1181 leffioues
1718 1160 1801 1182 varr.
1834 1160 1938 1196 penes
1961 1153 1986 1187 I.

264 1205 306 1241 C.
323 1204 364 1238 G.
384 1199 633 1245 Ernestifuisse,
654 1198 747 1247 supra
762 1203 827 1234 iam
842 1198 1083 1240 adnotauimus.
1112 1216 1157 1222 ——
1188 1200 1226 1231 In
1252 1195 1435 1242 Montfims.
1463 1195 1540 1231 bibl.
1570 1197 1698 1233 coislin.
1725 1210 1930 1239 memoratur
1953 1215 1988 1250 p,

263 1260 341 1297 448.
366 1251 413 1301 sq.
439 1249 514 1287 cod.
539 1253 762 1288 CCCXXXV.
787 1248 842 1285 sub
863 1251 955 1284 cuius
981 1248 1083 1283 finem
1107 1246 1229 1283 exstare
1253 1246 1392 1288 dicitur,
1427 1244 1604 1282 adnotante
1625 1246 1758 1283 medico
1781 1249 1928 1298 quodam
1955 1256 1991 1288 in

266 1303 381 1342 fronte
403 1302 497 1339 libri:
531 1301 720 1350 „Synopsis
741 1304 840 1346 trium
861 1299 1026 1341 librorum
1046 1297 1187 1334 Oribafii
1210 1296 1251 1332 ad
1274 1297 1461 1336 Iulianum,
1485 1297 1525 1331 ad
1546 1296 1753 1333 Eustathium
1771 1301 1862 1343 etuad
1883 1304 1990 1339 Enna.

267 1359 384 1406 pium;
410 1367 448 1389 ac
471 1354 635 1389 librorum
651 1350 804 1387 methodi
828 1349 983 1386 medendi
1008 1349 1144 1391 Galerii,
1171 1349 1385 1396 Areliigeni8‚
1418 1348 1498 1383 Rufi
1519 1349 1728 1397 aliorumque
1749 1360 1896 1388 veterum
1916 1355 1990 1390 illu-

269 1407 395 1443 strium.
446 1404 634 1453 Explicatio
648 1403 739 1439 Aetia?
752 1401 912 1449 Asnidmi
931 1400 1020 1444 (sic)
1044 1398 1141 1440 dieti,
1176 1408 1364 1447 comparata
1387 1412 1428 1434 ex
1453 1398 1656 1435 Dioscoridis
1677 1400 1733 1445 lib.
1757 1400 1798 1436 de
1818 1403 1991 1447 alimentis,

271 1455 396 1506 digesta
411 1453 530 1491 ordine
544 1455 750 1503 alphabetico
767 1463 798 1488 et
817 1451 974 1501 descripta
995 1465 1012 1485 a
1034 1452 1190 1485 Simeone
1209 1450 1366 1498 magistro
1379 1476 1389 1491 ,
1412 1448 1502 1485 didio
1523 1453 1619 1496 Seth,
1647 1460 1678 1486 et
1701 1452 1811 1487 oblata
1830 1456 1992 1492 Michaeli

270 1509 397 1546 Ducae,
414 1509 614 1555 imperatori.
664 1505 761 1540 Liber
777 1503 821 1539 est
836 1505 1000 1538 Simeonis
1017 1503 1118 1542 sethi,
1147 1503 1204 1550 qui
1220 1504 1301 1536 vixit
1320 1499 1378 1536 sub
1394 1501 1563 1537 Michaele
1583 1504 1677 1537 Duca
1699 1516 1727 1537 a.
1753 1506 1793 1539 C.
1818 1516 1908 1550 1075.
1960 1510 1993 1543 Is

274 1571 355 1595 vero
369 1557 471 1605 longe
485 1558 613 1592 auctior
629 1555 674 1590 est
689 1568 750 1597 ee,
777 1568 881 1604 nuper
898 1553 987 1589 edito
1003 1555 1099 1587 Paris.
1116 1566 1143 1590 a.
1164 1554 1250 1596 1558.
1271 1564 1322 1599 ap.
1343 1549 1408 1586 vid.
1422 1553 1607 1588 Maihurini
1633 1553 1677 1588 du
1700 1555 1810 1598 Puy.“
1843 1575 1893 1583 —
1945 1560 1995 1594 lb,

273 1622 350 1658 pag.
373 1614 446 1652 598.
471 1611 506 1643 in
521 1606 595 1643 cod.
610 1609 894 1642 CCCLXXXVII.
916 1603 938 1640 s.
955 1602 1064 1652 opusc.
1082 1617 1099 1637 a
1116 1600 1246 1640 Montf.
1262 1613 1313 1649 gr.
1331 1615 1368 1636 ac
1382 1602 1437 1639 lat.
1459 1616 1492 1652 p.
1510 1604 1583 1648 596.
1597 1601 1665 1652 sqq.
1679 1602 1790 1648 edim,
1819 1606 1860 1643 de
1876 1612 1995 1645 artium

272 1670 306 1696 et
321 1658 568 1707 disciplinarum
585 1659 832 1698 inuentoribns‚
859 1659 943 1691 inter
957 1653 1103 1689 medicos
1119 1653 1260 1689 celebres
1283 1656 1477 1688 nominatur
1495 1653 1624 1689 Ab'tius.
1650 1675 1701 1682 ——
1753 1659 1794 1692 In
1817 1660 1995 1696 Britannia
2015 1686 2018 1687 γ

273 1709 337 1749 sec.
352 1709 446 1746 catal.
471 1707 570 1745 codd.
587 1709 684 1757 Angl.
709 1718 740 1743 et
760 1708 899 1743 Hibern.
923 1704 1133 1740 adseruantur
1147 1707 1181 1739 in
1196 1703 1274 1738 bibl.
1292 1705 1416 1740 Boc-Hei.
1432 1708 1464 1739 in
1482 1704 1560 1740 cod.
1579 1708 1788 1743 LXXXVIII.
1803 1709 1886 1749 liber
1901 1715 1994 1760 quin·

276 1771 328 1798 tus
342 1759 492 1811 μάεςος·
518 1758 717 1808 saepiuscule
741 1762 842 1794 variat
861 1758 900 1792 ab
921 1756 1025 1791 editis,
1051 1774 1103 1799 '’t-
1131 1768 1181 1795 nr,
1205 1756 1281 1789 260.
1306 1765 1459 1803 excerpta
1483 1769 1522 1791 ex
1546 1758 1666 1798 Aetio,
1693 1771 1764 1806 cap.
1788 1761 1842 1800 68.
1870 1782 1919 1788 —-
1945 1776 1997 1800 nr,

279 1824 356 1857 749.
378 1811 419 1847 de
434 1824 468 1846 re
484 1809 623 1846 medica.
650 1830 700 1837 -
754 1810 869 1844 Leidae
882 1811 918 1843 in
934 1806 1010 1841 bibl.
1027 1806 1117 1855 publ.
1133 1818 1232 1854 opera
1246 1805 1392 1846 medica,
1419 1806 1509 1841 libris
1525 1808 1581 1842 IV.
1608 1826 1658 1833 -
1683 1811 1771 1845 inter
1790 1809 1891 1849 codd,
1914 1813 1998 1850 Vos.

278 1863 359 1900 fian.
383 1874 485 1910 opera
502 1864 638 1902 omnia,
664 1870 696 1895 vt
709 1858 857 1895 scribitur
872 1856 1004 1908 quidem
1029 1867 1060 1891 et
1075 1854 1301 1891 adnotationes
1319 1866 1421 1891 mstae
1434 1859 1469 1892 in
1488 1855 1541 1892 sex
1555 1861 1680 1907 primos
1696 1860 1782 1896 Aetii
1797 1861 1871 1898 libr.
1887 1877 1917 1898 v.
1937 1876 2000 1902 cat.

280 1913 362 1953 bibl.
375 1910 468 1949 Leid.
483 1924 515 1960 p.
531 1921 601 1954 334.
618 1922 690 1954 394.
706 1922 778 1953 372.
804 1930 855 1936 —
895 1911 1040 1944 Patauii
1055 1911 1090 1943 in
1106 1906 1184 1942 bini.
1199 1909 1230 1941 S.
1248 1909 1337 1942 Ioan.
1360 1910 1394 1942 in
1416 1906 1574 1943 viridario
1593 1909 1686 1945 Aetia·
1710 1924 1820 1958 opera.
1872 1916 1999 1957 (Mont-

275 1964 369 2012 faut.
390 1962 469 1999 bibl,
485 1962 636 1997 biblioth.
652 1962 749 1996 MSS.
769 1964 791 1999 1.
819 1973 894 2010 pag.
918 1964 989 2003 485.
1006 1958 1061 2003 C.)
1112 1960 1164 1993 De
1182 1957 1255 1992 cod.
1273 1959 1307 1992 in
1326 1958 1403 1993 bibl.
1419 1957 1515 1993 senat.
1532 1959 1654 2009 Lipfica
1666 1962 1779 2009 postea
1799 1963 1907 2000 lerino
1932 1970 2002 2007 erit,

283 2016 374 2053 MSt.
393 2011 470 2049 cod.
487 2025 586 2062 quem
599 2009 765 2047 consuluit
780 2014 919 2047 Cornar.
940 2010 1050 2044 habuit
1067 2007 1299 2058 τετραβίβλε
1320 2008 1569 2056 inscriptionem
1591 2020 1667 2047 ante
1687 2013 1814 2061 aliquot
1837 2014 2003 2055 sermones

283 2064 446 2117 partiales.
462 2076 493 2098 v.
512 2065 595 2102 eius*
602 2059 705 2112 praef.
725 2060 766 2098 ad
781 2061 965 2098 versionem
977 2057 1067 2097 suam
1083 2074 1111 2096 a.
1127 2070 1213 2104 1542.
1228 2072 1329 2108 quam
1342 2059 1398 2095 ille
1421 2061 1584 2096 rationem
1605 2060 1758 2112 sequutus
1781 2065 1835 2100 est.
1886 2070 2006 2116 Harl]

456 2166 574 2213 Operis
591 2162 701 2199 titulus
719 2161 807 2211 apud
830 2164 986 2198 Photium
1001 2161 1063 2197 est:
1088 2160 1230 2203 Βιβλίαν
1246 2158 1394 2209 {aremii}
1410 2163 1439 2199 ἔν
1453 2157 1571 2206 λέγοις
1587 2159 1641 2202 ις’.
1695 2165 1788 2212 Opus
1802 2169 1949 2205 medicum
1970 2171 2007 2206 Ii.

290 2220 357 2258 bris
370 2216 478 2254 XVI.
529 2216 593 2250 Pro
606 2227 673 2262 quo
697 2217 875 2250 Cornarius
891 2211 1051 2259 inscripsit
1065 2213 1243 2248 medicinam
1259 2225 1274 2247 e
1297 2214 1451 2247 vetes-ibus
1465 2213 1674 2256 contrabium,
1700 2229 1771 2254 nou
1787 2218 1884 2261 male,
1911 2221 2006 2270 quod

290 2270 333 2308 ad
349 2271 603 2318 pharmacorum
618 2268 767 2313 inprimis
782 2274 850 2300 tuin
869 2263 1068 2311 simplicium
1091 2272 1161 2299 tum
1177 2262 1443 2311 compositorum
1462 2266 1615 2299 notitiam
1636 2276 1668 2300 ct
1691 2270 1853 2304 rationem
1876 2275 2007 2310 vniuer.

292 2321 362 2361 sam
381 2314 538 2357 medendi
551 2314 688 2351 adtinet:
714 2328 792 2353 nam
817 2325 934 2350 ceteras
956 2316 1032 2349 artis
1052 2312 1195 2353 salutaris
1216 2322 1322 2362 partes
1344 2317 1452 2350 minus
1473 2313 1600 2364 adtigit.
1661 2316 1759 2355 Crede
1776 2321 1869 2363 mihi,
1903 2325 2012 2372 inquit

1887 2375 2012 2412 Coma-
