2023 2656
211 121 289 146 v111
847 95 1310 134 PRAEFATIO

215 247 333 288 etiam
369 242 410 280 in
447 237 554 278 hisce
589 234 744 278 litteris,
804 233 845 273 id
878 245 952 288 pro
988 234 1179 287 aequitate
1211 241 1277 273 tua
1310 232 1529 274 humaniter
1567 230 1664 273 feras
1693 234 1734 274 in
1765 233 1940 286 homine,

218 358 360 396 iterum
389 352 607 403 iterumque
637 354 731 400 peto
760 356 782 384 a
811 352 849 383 te
881 355 925 383 ac
957 341 1162 383 contendo.

389 555 498 621 [Post
525 566 694 607 indicem
724 563 891 617 capitum
917 561 968 601 ita
1002 561 1171 614 pergitz]

393 791 503 830 Haec
532 786 637 835 sunt,
694 795 794 838 quae
819 780 1005 836 praesenti
1036 781 1121 821 vice
1150 777 1334 821 exhibere
1368 777 1439 818 tibi
1468 777 1613 827 studui,
1670 777 1813 820 Ledlor
1839 779 1956 823 bene·

232 903 336 952 vole,
395 912 476 939 non
502 895 693 943 dubitans,
737 895 853 933 etiam
884 891 1033 934 Indices
1059 882 1314 945 scriptorum,¹
1362 902 1461 944 quos
1491 889 1570 932 hoc
1602 887 1801 932 volumine
1826 891 1982 946 paffinr

232 1016 373 1054 iterum
409 1008 570 1055 inserui,
628 1003 739 1045 vtiles
784 1009 1042 1054 acceptosque
1085 998 1172 1041 fore
1214 1000 1282 1046 iis,
1342 1000 1411 1051 qui
1455 998 1535 1038 hoc
1575 997 1789 1040 litterarum
1822 1014 1963 1053 genere

235 1125 438 1165 ducuntur.
501 1116 604 1157 Nam
634 1107 777 1152 etiamsi
806 1108 952 1164 aliquid
980 1106 1140 1149 subinde
1171 1105 1263 1147 esset
1292 1103 1472 1146 omissum
1502 1117 1523 1144 a
1553 1117 1617 1144 me
1647 1105 1688 1145 in
1717 1102 1813 1156 illis,
1871 1122 1963 1162 pec-

237 1241 463 1284 catumque,
521 1236 620 1280 quae
659 1231 791 1262 tamen
827 1232 908 1260 non
945 1219 997 1258 ita
1036 1215 1156 1258 multa
1189 1213 1275 1257 fore
1313 1215 1424 1269 spero
1462 1184 1503 1256 in
1541 1214 1623 1256 his:
1683 1224 1813 1258 tamen
1849 1217 1967 1272 longe

236 1343 447 1385 maximam
476 1343 625 1389 partem
656 1330 756 1372 redle
787 1330 1007 1371 adnotatam
1039 1329 1155 1383 aequi
1185 1336 1223 1367 et
1252 1322 1358 1367 <lodii
1387 1325 1555 1376 iudices,
1615 1324 1711 1366 boni
1740 1337 1842 1367 certe
1872 1342 1968 1370 con.

238 1451 369 1493 sulent.
464 1445 693 1501 Equidem,
760 1451 801 1482 vt
847 1450 1036 1496 quantum
1084 1435 1232 1492 poffem
1250 1466 1263 1487 ‚
1332 1445 1531 1477 accuratos
1580 1436 1739 1487 darem,
1795 1450 1970 1491 operam,

241 1573 360 1616 quam
401 1557 513 1610 potui
555 1551 631 1595 fine
649 1603 655 1606 .
675 1550 938 1604 superstitione
986 1562 1031 1589 ac
1078 1548 1237 1588 maioris
1275 1547 1459 1600 temporis
1500 1545 1730 1599 dispendio,
1788 1548 1974 1601 impendi.

242 1671 400 1709 Vtinam
430 1679 523 1706 vero
555 1665 704 1704 viueret
731 1658 1054 1714 graecantiffimus
1091 1654 1155 1696 ille
1194 1653 1395 1710 Georgius
1431 1654 1674 1696 &merim
1714 1654 1973 1713 Thryllz't'z‘us‚

245 1780 355 1819 cuius
393 1774 624 1816 schediafina
665 1773 713 1812 de
757 1769 995 1811 bibliotheca
1043 1766 1330 1809 scholiastarum
1369 1765 1573 1806 vniuersali
1609 1766 1853 1816 adornanda,
1911 1732 1976 1808 sed

248 1885 402 1941 qualem
446 1898 518 1924 nec
571 1878 862 1923 animosissimus
907 1877 1215 1932 bibliopolarum
1261 1874 1475 1928 suscipere,
1534 1873 1678 1916 etiamsi
1717 1874 1850 1928 praelo
1878 1863 1981 1917 >*effer

247 2004 396 2049 parata,
455 2004 627 2046 vnquam
667 1989 780 2039 ausit,
839 1991 943 2029 ciues
989 1990 1067 2030 mei
1111 1986 1306 2026 inseruere
1344 1992 1456 2025 tomo
1499 1982 1668 2023 secundo
1711 1981 1982 2028 Miscellaneo-

250 2117 338 2145 rum
385 2099 656 2155 Lipfienfium:
717 2099 778 2140 vel
829 2100 975 2139 vtinam
1019 2095 1140 2155 frater
1195 2094 1277 2132 eius
1319 2093 1521 2144 egregius,
1591 2091 1835 2134 Valentinus
1872 2093 1982 2134 Her.

250 2224 422 2251 ‹mmmus
459 2207 722 2264 Tlnyllitius,
780 2208 955 2248 medicus
986 2200 1300 2255 Geithaynenfis,
1361 2202 1471 2242 cuius
1510 2201 1709 2257 epistolam
1744 2202 1880 2245 itidem
1917 2204 1983 2244 Li-

1825 2309 1986 2368 pfienses
