2023 2656
707 82 1168 147 PRA⁴EFAT10
1774 123 1812 147 ix

74 252 236 309 pfienses
265 253 345 294 mei
372 249 633 313 vulgauerunt
660 248 702 289 in
726 246 830 290 fasce
858 251 991 295 Lvm,
1017 249 1164 297 Diarii,
1223 245 1332 302 quod
1371 220 1439 287 sub
1474 247 1570 298 noui
1598 247 1724 289 Musei
1760 251 1810 290 ti-

74 363 160 406 tulo
219 364 385 417 (Neuen
417 355 735 412 Bucher-Sa‘al)
791 360 1016 412 germanice
1052 352 1154 426 quot
1187 355 1381 398 menfibus
1425 359 1466 397 in
1504 356 1634 400 lucem
1674 359 1809 405 edunt,

73 473 182 516 dod-’ti
211 473 336 520 fratris
364 472 533 525 vestigiis
562 472 612 511 ita
643 480 777 525 pergat
810 467 996 537 insistere,
1053 479 1120 518 vt,
1174 483 1275 526 quae
1309 468 1374 509 ille
1412 467 1574 509 molitus
1610 468 1686 519 est,
1741 469 1808 510 hic

73 585 144 627 suo
165 585 307 626 -studio
339 583 514 639 expolita
546 583 745 637 perficiat,
800 591 919 637 'atque
956 594 1183 634 graecarum
1216 579 1433 620 litterarum
1477 575 1678 620 latifundia
1726 593 1809 621 am-

70 694 219 750 plificet
262 693 398 749 infigni
433 694 605 751 quadam
635 708 710 736 nec
744 692 952 741 inficianda
987 691 1224 733 acceffione:
1278 693 1381 732 Nam
1417 687 1603 737 haetenus
1639 689 1736 731 nihil
1769 691 1811 737 in

73 805 147 846 illis
184 804 379 856 defidem,
434 819 557 862 quam
593 805 703 860 quod
736 805 1043 846 *confidentiores
1081 801 1290 858 aliquando
1325 803 1431 852 sunt,
1489 811 1529 843 et
1565 803 1663 842 inter
1700 814 1832 848 erro-2

71 929 132 957 res
159 926 408 971 computant,
467 916 577 971 quod
606 916 709 970 apud
729 917 920 956 Tzetzam
957 915 1005 955 ad
1029 902 1348 969 vLycophronem
1383 926 1458 968 pro
1493 911 1697 954 Androcle
1731 924 1811 952 non

70 1025 162 1078 lego
189 1026 472 1074 Menandrum,
528 1038 603 1078 pro
639 1024 863 1065 Heliodoro
900 1022 1182 1076 Apollonium:
1242 1022 1404 1071 deinde,
1459 1022 1571 1077 quod
1607 1034 1689 1061 non
1723 1019 1809 1074 plu-

70 1149 110 1176 ra
144 1137 185 1175 in
217 1148 279 1174 me
314 1133 612 1187 reprehendunt.
687 1133 808 1201 Qiid‘
828 1135 934 1173 enim
971 1146 1047 1185 ego
1082 1144 1321 1185 magnopere
1350 1131 1609 1179 accusandus,
1664 1126 1694 1169 fi
1731 1141 1811 1169 non

70 1245 143 1287 alia
171 1244 360 1303 pluraque
391 1242 507 1295 longe
544 1241 711 1293 habent,
745 1211 868 1298 ‘quae
906 1253 1113 1292 moneant,
1172 1218 1291 1297 quam
1329 1243 1370 1281 in
1408 1237 1594 1281 vniuerfis
1626 1252 1811 1292 vaegran-

70 1355 184 1397 dibus
207 1354 400 1395 Eussathii
429 1353 478 1394 ad
508 1357 731 1394 Homerum
764 1355 1054 1394 commentariis
1088 1352 1178 1393 loca
1212 1349 1350 1392 omissa
1384 1352 1523 1403 viginti
1561 1352 1714 1391 circiter
1749 1346 1813 1389 vel

68 1466 248 1519 triginta:
307 1477 431 1519 quum
463 1464 642 1504 adnotata
669 1462 741 1504 fint
775 1472 814 1504 et
846 1461 967 1517 pofita
1010 1444 1070 1503 in„
1088 1459 1304 1511 indicibus,
1361 1473 1462 1515 quos
1493 1459 1679 1510 exhibui,
1737 1461 1814 1499 Eu-

71 1576 265 1618 stathianis
292 1574 380 1616 loca
410 1574 459 1615 ad
498 1575 618 1615 vicies
647 1573 764 1614 mille.
822 1577 866 1614 In
900 1574 1036 1614 ceteris
1073 1570 1269 1614 indicibus
1308 1569 1427 1635 longe
1467 1543 1561 1611 vltrn
1594 1579 1814 1610 tercentena

75 1685 255 1726 locorum
288 1685 420 1726 millia.
504 1685 674 1735 Omnes,
732 1685 801 1740 qui
840 1696 1009 1739 vnquam
1049 1681 1097 1723 ab
1134 1682 1345 1724 hominum
1377 1682 1568 1723 memoria
1607 1682 1648 1720 in
1685 1678 1814 1719 lucem

72 1795 242 1836 humana
272 1795 452 1836 industria
483 1796 731 1850 prodierunt,
790 1794 938 1834 indices
976 1791 1145 1833 abiicere
1178 1791 1387 1841 debemus,
1445 1791 1667 1844 praesertim
1700 1788 1815 1830 volu·

11 1964 15 1966 ἡ
74 1902 331 1946 minofiorum
369 1917 556 1957 operum,
613 1902 640 1944 fi
682 1914 885 1959 propterea
920 1903 1046 1944 statim
1084 1908 1248 1944 tantum
1283 1915 1361 1943 mm
1403 1901 1542 1941 taedet
1582 1896 1695 1956 zsus,
1753 1897 1815 1938 vel

69 2028 224 2068 parum
254 2019 348 2055 tuta
368 2012 480 2071 fides
509 2013 743 2063 accusanda,
805 2013 914 2068 quod
943 2027 1023 2054 non
1054 2026 1103 2053 ex
1135 2011 1304 2053 millenis
1338 2012 1489 2059 dicam,
1547 2009 1611 2049 [ed
1647 2022 1696 2048 ex
1724 2021 1813 2048 cen-

76 2127 184 2167 tenis'
222 2136 320 2166 vnus
364 2124 475 2165 locus
513 2122 722 2179 aliquando
768 2122 830 2162 vel
877 2121 978 2175 fugit
1015 2120 1177 2171 oculos,
1238 2120 1301 2161 vel
1334 2132 1536 2175 perperam
1571 2115 1716 2172 politus
1751 2118 1816 2165 est,

77 2236 194 2276 etiam
221 2233 453 2289 typographi
482 2233 617 2288 culp513
676 2246 766 2274 nam
797 2242 834 2273 et
858 2231 918 2273 illa
948 2234 1174 2287 imputatur,
1238 2232 1395 2271 Tamen
1424 2240 1583 2280 magnas
1620 2227 1676 2267 illi
1705 2225 1815 2268 habi-

979 2341 1007 2381 b
1543 2346 1546 2352 ·
1710 2344 1817 2376 turus
